1882 3032
176 143 224 180 10
733 147 874 196 Julian
903 148 948 196 of
979 148 1132 185 Toledo

173 263 298 302 ‘date
334 265 498 303 veniam
535 266 865 313 sceleratorum,'
903 280 979 316 pro
1014 266 1240 304 sceleratis.
1309 266 1348 304 2.
1384 267 1497 305 Inter
1532 267 1699 306 solecis-

173 344 284 369 mum
332 339 472 370 autem
518 341 557 370 et
603 335 908 372 barbarismum
955 336 1032 372 hoc
1079 335 1250 372 interest
1295 336 1406 384 quo-d
1454 334 1700 373 solecismus

173 412 399 448 numquam
430 401 468 438 in
500 415 583 439 uno
610 402 651 439 fit
683 403 811 440 verbo
839 405 910 441 sed
942 403 979 439 in
1009 402 1242 441 coniunctis
1273 404 1436 441 duabus
1465 410 1537 440 aut
1565 402 1699 441 tribus

173 467 235 504 vel
267 468 454 517 plurimis
486 469 688 517 partibus.
754 469 1049 507 Barbarismus
1081 477 1223 508 autem
1254 469 1420 519 singula
1454 471 1579 508 verba
1611 483 1701 509 cor-

173 534 342 584 rumpit.
415 533 453 572 3.
502 536 755 574 Solecismus
798 537 934 574 (lictus
977 545 1041 575 est
1083 552 1106 575 a
1150 537 1348 575 Cilicibus
1391 537 1460 587 qui
1503 553 1553 577 ex
1599 538 1700 575 urbe

173 602 418 650 Solo<e>,
450 617 555 652 quae
586 617 693 642 nunc
726 603 1034 653 Pompeiopolis
1064 605 1312 653 appellatur,
1347 605 1538 654 profecti,
1572 619 1699 656 quum

172 673 282 718 apud
321 669 424 708 alios
462 678 772 710 commorantes
810 679 850 709 et
888 685 1006 709 suam
1046 680 1086 709 et
1125 672 1285 710 illorum
1325 673 1511 721 linguam
1551 673 1701 710 vitiose

173 737 602 787 inconsequenterque
648 740 966 786 confunderent,
1017 739 1239 777 solecismo
1283 753 1431 778 nomen
1480 741 1694 779 dederunt.

175 806 295 843 Unde
322 812 362 843 et
389 806 577 844 similiter
604 808 821 855 loquentes
850 807 1093 845 solecismos
1121 808 1257 845 facere
1285 808 1490 846 dicuntur.
1549 807 1587 845 4.
1617 808 1698 857 Qui

173 879 360 911 errantes
390 881 539 922 putant
570 874 608 911 in
641 888 721 913 una
750 881 868 924 parte
899 873 1101 913 orationis
1132 875 1218 912 fieri
1250 874 1529 921 solecismum,
1565 877 1597 913 si
1629 883 1699 914 aut

172 941 510 979 demonstrantes
540 941 673 979 virum
706 945 714 959 ‘
737 943 869 980 hanc'
904 942 1091 981 dicamus
1120 950 1191 981 aut
1225 941 1420 979 seminam
1456 943 1625 988 ‘hunc‚'
1662 944 1699 980 in

172 1008 250 1046 hoc
286 1008 529 1058 intellegant
564 1008 660 1058 quia
695 1023 776 1066 non
810 1017 873 1047 est
908 1024 989 1049 una
1023 1023 1120 1058 pars
1155 1011 1223 1048 ubi
1259 1009 1504 1048 solecismus
1537 1010 1701 1048 videtur

172 1089 265 1114 esse
288 1079 358 1115 sed
382 1078 500 1114 duae.
551 1077 676 1127 Quia,
703 1078 735 1115 si
759 1078 1058 1127 praecedentes
1081 1076 1465 1116 demonstrationes
1484 1078 1698 1126 tollantur,

176 1142 214 1180 id
240 1149 303 1181 est
326 1143 434 1182 hanc
456 1151 496 1181 et
520 1144 642 1190 hunc,
671 1151 711 1181 et
737 1152 979 1182 remaneant
1005 1158 1111 1193 quae
1137 1151 1382 1193 sequuntur,
1412 1146 1450 1183 id
1476 1152 1540 1183 est
1563 1144 1699 1183 virum

173 1220 213 1251 et
243 1213 457 1261 feminam,
489 1214 626 1252 nullus
657 1215 903 1252 solecismus
935 1228 1026 1254 esse
1059 1215 1147 1254 sine
1178 1215 1240 1252 his
1272 1214 1700 1253 demonstrationibus

173 1281 416 1330 appareb1it3
466 1289 507 1319 et
544 1283 650 1331 ideo,
689 1284 861 1331 quando
893 1282 1070 1321 dicimus
1110 1283 1244 1321 ‘hanc
1281 1282 1414 1320 virum

173 1349 404 1396 feminam‚'
453 1350 536 1387 iam
579 1363 660 1387 non
708 1350 746 1387 in
792 1363 875 1387 una
920 1356 1041 1399 parte*
1083 1349 1286 1387 orationis
1334 1351 1409 1388 sed*
1453 1351 1491 1388 in
1538 1352 1701 1388 duabus

1439 1285 1446 1299 9

1484 1290 1524 1320 et
1565 1284 1571 1298 ‘
1592 1283 1701 1321 hunc

175 1416 440 1454 solecismum
493 1416 684 1455 facimus.
762 1417 962 1454 Similiter
1010 1417 1288 1467 interroganti
1340 1430 1425 1466 quo
1473 1431 1701 1467 pergamus

175 1482 314 1527 <si>
348 1485 676 1533 respondeamus
709 1485 928 1522 ‘Romae'
960 1485 1024 1523 vel
1056 1498 1183 1523 unum
1216 1485 1449 1522 salutantes
1483 1485 1670 1522 ‘salvete
1690 1484 1698 1499 '

174 1552 237 1588 vel
280 1552 515 1600 ‘gaudete'
561 1551 764 1598 dicamus,
810 1565 891 1590 non
935 1552 973 1588 in
1015 1565 1100 1590 una*
1138 1558 1257 1601 parte
1299 1551 1503 1589 orationis
1546 1553 1617 1590 sed
1659 1552 1700 1589 in

173 1619 335 1656 duab-us
369 1618 633 1657 solecismum
670 1618 862 1667 facimus,
897 1632 1025 1668 quum
1060 1619 1338 1668 interrogatio
1371 1619 1460 1668 ipsa
1493 1620 1558 1657 vel
1593 1619 1702 1657 salu—

174 1684 279 1724 tatio
301 1684 384 1723 vim
409 1693 632 1724 contextae
658 1686 863 1726 orationis
887 1686 1086 1724 obtineat.
1144 1685 1183 1724 5.
1214 1690 1221 1704 ‘
1245 1686 1398 1733 Scala‚'
1430 1688 1438 1702 ‘
1458 1684 1698 1737 quadriga,’

177 1756 184 1768 ‘
206 1766 335 1802 scopa
355 1755 362 1770 ’
386 1751 450 1791 vel
476 1753 624 1791 similia
649 1767 756 1803 quae
781 1755 1009 1792 secundum
1036 1756 1249 1791 Donatum
1277 1754 1384 1804 (393,
1416 1756 1488 1801 15;
1515 1754 1606 1802 376,
1636 1753 1700 1804 28)

175 1833 338 1870 sempe-r
377 1821 551 1870 pluralia
593 1828 689 1859 sunt
728 1821 977 1860 barbarismi
1019 1828 1130 1869 sunt,
1174 1834 1255 1858 non
1298 1821 1517 1859 solecismi.
1593 1822 1701 1858 Nam

173 1890 344 1938 quando
364 1888 631 1939 singulariter
654 1888 897 1926 enuntiatur
921 1892 927 1904 ‘
950 1889 1094 1935 scala‚’
1121 1903 1249 1939 quum
1272 1888 1488 1939 pluraliter
1509 1894 1702 1938 oporteat

174 1956 253 1995 dici
283 1957 434 2006 scalae,
465 1960 602 2006 quaad
633 1971 715 1995 una
743 1964 862 2006 parte
891 1956 1094 1994 orationis
1120 1957 1199 1994 hoc
1228 1956 1374 1994 vitium
1407 1956 1627 2003 invenitur,
1663 1957 1701 1994 id

173 2031 238 2062 est
283 2031 328 2063 ut
371 2027 482 2073 quod
515 2024 731 2074 pluraliter
773 2024 852 2063 dici
899 2026 1021 2063 debet
1068 2023 1339 2074 singulariter
1383 2024 1560 2073 dicatur,
1609 2025 1703 2061 bar-

173 2092 382 2130 barismus
414 2098 492 2140 est,
526 2092 623 2142 quia
656 2091 743 2130 sine
775 2091 1008 2130 adiectione
1040 2090 1210 2130 alterius
1241 2091 1372 2142 partis
1405 2098 1481 2130 est.
1547 2089 1702 2128 Similis

174 2159 283 2197 ratio
307 2166 347 2198 et
373 2173 451 2208 pro
475 2159 711 2198 hulusmodi
739 2159 976 2197 nominibus
1005 2160 1214 2198 reddenda
1243 2166 1318 2197 est.
1378 2157 1416 2195 6.
1447 2157 1702 2196 Solecismus

176 2228 218 2264 lit
253 2229 415 2266 duobus
450 2226 599 2276 modis,
636 2234 707 2266 aut
741 2240 813 2277 per
847 2233 988 2276 partes
1021 2225 1223 2265 oratio-nis
1258 2233 1329 2264 aut
1364 2239 1438 2275 per
1471 2224 1701 2264 accidentia

175 2295 363 2344 partib-us
396 2294 611 2332 orationis.
677 2296 757 2332 Per
787 2302 931 2343 partes
961 2294 1163 2332 orationis
1197 2295 1299 2332 fiunt
1333 2292 1539 2332 solecismi
1572 2306 1700 2342 quum

174 2362 255 2400 alia
280 2375 377 2411 pars
402 2375 479 2412 pro
502 2363 583 2400 alia
607 2361 789 2411 ponitur,
818 2369 863 2400 ut
890 2361 1008 2413 (Aen.
1039 2364 1075 2412 7,
1106 2362 1198 2412 399)
1228 2363 1235 2377 ¹
1257 2368 1508 2410 torvumque
1532 2367 1701 2409 repente

237 2443 268 2475 2.
297 2446 358 2475 sol.
386 2446 438 2476 ba.
467 2446 547 2483 (om.
576 2446 707 2484 autem)
733 2446 769 2475 L.
820 2447 876 2476 sed
902 2457 976 2476 con.
1004 2447 1137 2477 duobus
1163 2446 1213 2476 vel
1241 2452 1282 2476 tr.
1312 2446 1360 2475 F:
1400 2445 1456 2475 sed
1482 2445 1513 2475 in
1541 2444 1701 2475 coniunc-

177 2500 327 2530 tionibus
365 2500 511 2530 duorum
552 2499 589 2529 L.
652 2500 806 2540 partibus
846 2511 912 2531 om.
956 2500 992 2530 F.
1077 2501 1259 2531 verborum
1300 2499 1336 2529 F.
1422 2497 1452 2530 3.
1481 2498 1700 2529 solecismum

177 2554 250 2585 ded.
282 2555 362 2591 (om.
395 2554 466 2593 no.)
496 2553 532 2584 L.
605 2552 636 2586 4.
664 2565 717 2594 pa.
749 2565 797 2585 or.
829 2555 889 2585 sol.
922 2554 986 2585 fac.
1017 2555 1066 2584 F:
1108 2565 1161 2594 pa.
1193 2555 1250 2585 sed
1280 2554 1312 2584 in
1339 2554 1473 2584 duabus
1500 2553 1699 2583 solecismus

175 2608 301 2639 facitur
320 2608 356 2638 L.
402 2609 627 2648 interroganti
648 2608 674 2637 F
692 2619 697 2637 :
731 2608 931 2649 interrogati
952 2609 990 2639 L.
1038 2609 1224 2639 Thercfore
1245 2609 1276 2638 in
1298 2607 1354 2638 the
1372 2608 1454 2638 time
1471 2607 1507 2638 of
1527 2607 1698 2643 Donatus,

176 2663 263 2692 from
299 2662 411 2692 whom
445 2673 539 2692 come
574 2662 665 2692 these
698 2662 884 2702 examples,
921 2662 976 2692 the
1011 2663 1188 2693 Romance
1222 2673 1280 2692 use
1312 2662 1348 2692 of
1379 2672 1439 2692 vos
1474 2661 1525 2692 for
1560 2665 1595 2691 tu
1629 2670 1700 2691 was

176 2722 234 2746 not
265 2716 420 2747 allowed.
467 2716 635 2746 orationis
666 2727 731 2746 om.
767 2716 804 2746 Fa
860 2717 1059 2747 solecismus
1092 2716 1217 2747 facitur
1249 2716 1286 2746 L.
1335 2713 1366 2747 5.
1394 2726 1526 2755 semper
1557 2726 1625 2746 om.
1660 2714 1697 2745 L.
1752 2749 1756 2752 ⁶

175 2781 228 2811 op.
256 2770 365 2801 dicere
395 2770 431 2800 L.
483 2771 594 2811 quffld
625 2771 694 2801 LI:
735 2771 815 2811 quid
844 2771 875 2800 in
906 2771 994 2801 FL2.
1047 2769 1076 2801 6.
1104 2781 1184 2810 pars
1210 2780 1275 2800 om.
1310 2769 1345 2799 L.
1399 2768 1616 2810 torvumque]
1645 2768 1700 2799 the
