1882 3032
209 138 256 175 22
767 139 907 188 Julian
937 139 981 188 of
1012 140 1165 177 Toledo

205 263 434 294 autument.
498 255 564 295 25.
599 258 865 307 Anadiplosis
895 266 957 296 est
984 259 1296 309 congeminatio
1325 261 1518 300 dictionis
1546 276 1653 312 quae
1681 277 1730 302 ex

208 323 356 361 ultimo
382 325 473 363 loco
501 326 790 373 praecedentis
820 338 969 365 versus
997 333 1036 364 et
1066 326 1269 375 principio
1299 328 1514 375 sequentis
1544 329 1730 376 iteratur,

207 398 251 429 ut
290 390 407 442 (Aen.
451 394 511 437 10,
555 393 645 442 180)
684 393 900 443 ‘equitum
937 394 1241 443 pulcherrimus
1278 397 1420 443 Astur,
1462 398 1590 435 Astur
1627 410 1734 446 equo

210 460 372 497 fidens.’
468 461 571 497 Item
608 460 711 509 (Ecl.
751 462 786 505 9,
826 460 889 511 47)
928 464 936 478 ¹
958 474 1055 500 ecce
1089 461 1264 500 Dionaei
1301 462 1505 511 processit
1540 464 1736 502 Caesaris

210 532 386 574 astrum,
412 534 571 565 astrum
595 541 680 576 quo
700 535 868 577 segetes
890 529 1125 578 gauderent
1147 529 1372 579 frugibus.’
1436 532 1540 569 Item
1564 532 1667 581 (Ecl.
1696 534 1734 577 8,

212 594 276 644 55)
310 596 497 632 ‘certent
524 602 564 632 et
590 594 738 644 cygnis
767 595 917 645 ululae,
950 596 1004 634 sit
1031 595 1201 645 Tityrus
1230 596 1441 646 Orpheus,
1474 599 1669 647 Orpheus
1699 599 1736 636 in

213 662 343 709 silvis,
377 661 483 700 inter
510 662 727 711 delphinas
757 662 919 700 Arion)
980 664 1083 701 Item
1114 664 1152 700 in
1184 665 1370 703 Iud‘icum
1403 664 1456 715 (5,
1493 666 1555 716 19)
1589 670 1596 684 ‘
1618 678 1740 703 vene-

213 737 308 768 runt
349 742 470 779 reges
509 737 548 767 et
586 737 907 780 pugnaverunt;
960 740 1255 781 pugnaverunt
1296 745 1418 779 reges
1457 733 1659 772 Chanaan
1700 733 1739 770 in

213 798 415 836 Thanac.'
477 795 542 833 26.
576 798 803 846 Anaphora
829 805 893 836 est
916 797 1066 836 relatio
1087 798 1273 836 eiusdem
1300 802 1413 838 verbi
1440 814 1513 849 per
1539 799 1740 850 princip-ia

214 877 413 903 versuum<
438 863 725 914 plurimorum,
756 872 803 903 ut
831 864 950 916 (Aen.
986 868 1021 914 1,
1053 866 1145 916 664)
1177 868 1316 912 ‘nate,
1348 879 1467 906 meae
1493 867 1617 916 vires,
1650 881 1740 906 mea

215 945 370 982 magna
409 932 599 981 potentia
635 933 765 982 solus,
808 940 918 982 nate,
962 933 1094 982 patris
1134 935 1284 972 summi
1324 935 1393 982 qui
1433 934 1514 974 tela
1553 934 1742 984 Typhoia

215 999 400 1037 temnis»)
464 1000 567 1037 Item
598 999 716 1050 (Aen.
751 1002 787 1047 3,
822 1000 911 1050 157)
943 1002 1046 1039 ‘nos
1074 1008 1115 1038 te
1144 1001 1359 1039 Dardania
1388 1001 1555 1040 incensa
1585 1009 1740 1051 tuaque

214 1079 330 1104 arma
359 1064 539 1114 sequuti,
570 1079 647 1104 nos
675 1066 883 1105 tumidum
909 1068 988 1106 sub
1012 1074 1052 1105 te
1080 1069 1288 1118 permensi
1316 1067 1522 1106 classibus
1551 1070 1738 1117 aequor.‘

216 1135 322 1173 Item
350 1132 467 1184 (Aen.
499 1136 535 1181 3,
563 1134 655 1184 523)
684 1136 692 1149 ‘
716 1134 879 1172 Italiam
905 1134 1064 1183 primus
1088 1135 1323 1173 conclamat
1350 1137 1547 1184 Achates,
1579 1135 1742 1174 Italiam

216 1202 329 1239 laeto
352 1201 452 1239 socii
475 1203 656 1241 clamore
682 1202 898 1239 salutant.’
963 1203 1016 1239 Et
1041 1203 1080 1239 in
1107 1203 1297 1240 Numero
1321 1202 1400 1254 (24,
1430 1204 1476 1251 3;
1519 1203 1582 1253 15)
1612 1203 1745 1241 ‘dixit

218 1271 390 1308 Balaam
416 1270 525 1308 filius
549 1271 670 1319 Beor,
698 1270 805 1309 dixit
827 1271 954 1308 homo
976 1270 1094 1309 cuius
1118 1272 1339 1308 obturatus
1365 1277 1429 1308 est
1452 1272 1610 1318 oculus,
1641 1270 1744 1310 dixit

217 1337 385 1377 auditor
418 1349 656 1375 sermonum
692 1337 801 1375 Deis
866 1338 970 1375 Item
1005 1338 1043 1376 in
1079 1337 1325 1387 Evangelio,
1362 1339 1430 1376 ubi
1464 1337 1746 1376 beatitudines

220 1406 411 1455 singulae
474 1404 514 1443 in
575 1404 714 1454 capite
775 1418 848 1454 per
909 1405 1099 1455 singulas
1162 1405 1372 1444 clausulas
1436 1412 1745 1452 memorantur3

222 1471 342 1523 (Mat.
375 1473 410 1517 Γ),
440 1472 477 1519 8)
506 1472 642 1510 ‘beati
670 1473 827 1510 mundo
850 1473 1005 1518 corde,'
1035 1473 1173 1510 ‘beati
1199 1473 1353 1519 mitesst
1386 1473 1524 1511 ‘beati
1552 1472 1744 1522 pacifici‚‘

218 1548 258 1579 et
284 1547 435 1580 cetera.
497 1539 563 1578 27.
598 1541 890 1590 Epanalemsis
918 1548 982 1578 est
1007 1541 1120 1580 verbi
1149 1542 1187 1579 in
1216 1540 1418 1592 principio
1445 1553 1593 1580 versus
1620 1541 1746 1591 positi

220 1610 259 1647 in
283 1608 469 1648 eiusdem
494 1609 573 1647 fine
596 1607 802 1659 repetitio,
830 1615 875 1648 ut
900 1608 1018 1659 (Geo.
1049 1609 1086 1657 2,
1115 1608 1206 1658 536)
1234 1612 1241 1626 ¹
1263 1616 1361 1648 ante
1384 1608 1510 1647 etiam
1537 1614 1747 1659 sceptrum

221 1676 385 1715 Dictaei
425 1675 538 1726 regis
578 1683 619 1714 et
659 1677 787 1714 ante.'
867 1676 974 1715 Item
1013 1675 1121 1726 (juv.
1170 1678 1232 1722 14,
1279 1676 1367 1726 139)
1414 1677 1591 1714 ‘cres-cit
1632 1689 1749 1714 amor

220 1745 377 1783 nummi
405 1751 608 1795 quantum
637 1745 726 1793 ipsa
754 1744 931 1793 pecunia
955 1743 1138 1783 crescit.'
1200 1744 1304 1782 Item
1335 1743 1443 1795 (Juv.
1478 1746 1540 1792 15,
1573 1744 1610 1794 7)
1643 1743 1749 1782 ‘illic

222 1813 451 1857 caeruleos,
489 1811 555 1849 hic
587 1810 744 1860 piscem
778 1810 975 1857 fluminis,
1014 1810 1125 1849 illic.'
1186 1809 1252 1848 28.
1288 1811 1513 1860 Epizeuxis
1545 1818 1608 1849 est
1642 1811 1749 1849 eius-

221 1880 314 1917 dem
346 1879 459 1918 verbi
493 1879 532 1917 in
564 1878 710 1916 eodem
741 1892 866 1918 versu
897 1879 988 1918 sine
1017 1877 1156 1928 aliqua
1189 1877 1389 1917 dilatione
1419 1876 1746 1926 congeminatio,

223 1953 268 1985 ut
304 1946 421 1997 (Aen.
460 1949 497 1996 9,
536 1945 627 1996 427)
665 1949 774 1994 ‘me,
812 1958 891 1995 me,
929 1947 1080 1984 adsum·
1111 1945 1180 1995 qui
1215 1944 1308 1992 feci,
1347 1945 1385 1982 in
1421 1957 1486 1982 me
1519 1943 1750 1983 convertite

223 2015 411 2054 ferrum.‘
475 2015 579 2053 lte-m
614 2014 730 2064 (Aen.
770 2018 806 2063 4,
843 2012 935 2063 660)
970 2012 1071 2061 ‘sic·‚
1108 2012 1167 2052 sic
1197 2013 1312 2052 iuvat
1346 2013 1402 2050 ire
1435 2014 1514 2051 sub
1544 2012 1746 2050 umbras.’

226 2083 332 2120 Item
370 2081 474 2133 (Cic.
514 2082 607 2120 Cat.
652 2084 687 2130 1,
729 2081 766 2130 2)
807 2081 952 2128 ‘vivit,
993 2079 1109 2127 vivit,
1152 2080 1280 2118 immo
1316 2079 1441 2117 etiarn
1480 2080 1519 2118 in
1559 2086 1750 2118 senatum

225 2149 370 2188 venit.'
420 2150 523 2187 Item
542 2151 644 2195 ‘tua,
665 2154 737 2186 tua
754 2153 901 2186 contra
918 2154 958 2186 te
976 2147 1177 2186 dimicant
1193 2148 1341 2185 arma)
1392 2148 1495 2184 Item
1515 2149 1558 2184 ‘0
1574 2146 1748 2194 iuvenis,

224 2216 400 2265 iuvenis,
430 2216 463 2254 si
489 2215 628 2255 nescis
653 2216 809 2265 fingere
833 2216 1013 2253 versus.’
1078 2215 1129 2252 Et
1156 2215 1195 2253 in
1224 2215 1350 2252 Esaia
1378 2214 1459 2264 (21,
1490 2214 1527 2264 9)
1558 2213 1748 2261 ‘cecidit,

224 2284 373 2324 cecidit
419 2284 637 2334 Babylon.'
712 2281 778 2320 29.
812 2281 1116 2320 Paronomasia
1159 2288 1222 2319 est
1265 2282 1392 2319 veluti
1436 2283 1645 2331 quaedam.
1685 2284 1753 2320 de-

229 2351 474 2398 nominatio,
503 2353 581 2389 sub
605 2364 690 2388 una
714 2350 1020 2400 significatione
1047 2349 1211 2388 diversa
1238 2348 1379 2395 dictio,
1407 2356 1453 2386 ut
1478 2348 1589 2399 (Ter.
1619 2348 1746 2386 Andr.

227 2418 318 2469 218)
365 2421 490 2457 ‘nam
535 2417 714 2467 inceptio
755 2424 818 2455 est
863 2416 1106 2465 amentium,
1154 2417 1263 2455 haud
1308 2414 1572 2454 amantium.‘
1647 2415 1751 2453 Item

227 2545 306 2569 tem.
332 2549 357 2569 s.
384 2538 422 2567 L.
479 2535 534 2568 25.
562 2543 701 2567 antrum
726 2543 862 2567 antrum
888 2535 914 2565 E
938 2534 991 2565 Gl.
1036 2535 1162 2573 gaudet
1183 2540 1214 2563 ct
1240 2533 1280 2563 fr.
1306 2532 1400 2562 codd.
1445 2531 1535 2571 cigni
1557 2529 1632 2570 (gi-)
1655 2528 1750 2560 codd.

230 2594 310 2623 item
332 2594 363 2623 in
388 2592 624 2622 Iud—Thau.
648 2602 714 2621 om.
740 2590 777 2620 E.
819 2590 982 2621 iudicium
1007 2589 1074 2618 Fl..
1118 2588 1210 2618 tanai
1235 2586 1373 2624 (mmm)
1398 2585 1464 2615 Fl..
1507 2583 1561 2616 26.
1590 2583 1752 2614 revelatio

230 2648 266 2678 I..
311 2648 499 2678 obduratus
522 2646 588 2675 FL.
637 2646 717 2675 item
742 2646 773 2675 in
798 2645 937 2674 Exn—et
959 2649 1021 2673 cvr.
1047 2653 1113 2672 om.
1141 2642 1177 2671 E.
1225 2652 1282 2680 p‹·1·
1305 2641 1392 2679 sing.
1419 2650 1484 2669 om.
1512 2639 1549 2668 F.
1595 2638 1646 2668 be.
1671 2646 1751 2667 m.c.

228 2712 295 2732 om.
330 2702 366 2731 I..
431 2699 483 2732 27.
512 2701 556 2731 So
585 2699 735 2738 julian's
766 2698 839 2729 MS.
873 2698 908 2728 of
936 2697 1081 2735 Juvenal
1112 2696 1178 2725 had
1210 2702 1267 2725 not
1298 2693 1505 2724 substitutcd
1535 2692 1670 2722 aeluros
1701 2691 1754 2721 sor

232 2756 416 2788 caeruleos.
462 2755 615 2787 ceruleas
642 2754 678 2784 F.
723 2754 778 2784 hio
805 2752 841 2782 E.
891 2750 945 2783 28.
972 2762 990 2782 o
1016 2761 1082 2781 om.
1115 2750 1148 2780 F.
1196 2747 1250 2780 29.
1277 2747 1467 2779 deminatio
1490 2746 1528 2777 E.
1578 2746 1659 2777 item
1683 2745 1753 2787 ipse
