1846 3017
206 168 228 203 6
765 166 906 215 Julian
935 166 980 214 os
1011 166 1164 203 Toledo

202 286 354 336 finally,
390 288 519 324 under
551 287 619 324 the
652 288 812 334 symbol
846 286 926 328 Gl..
960 287 1125 335 glosses
1157 286 1196 322 in
1227 286 1297 324 the
1330 285 1451 323 Liber
1483 286 1728 323 Glossarum

202 354 309 391 from
335 352 417 391 this
443 366 602 392 source.
665 355 725 391 Of
749 354 817 391 the
845 353 967 391 Liber
991 354 1239 391 Glossarum.
1262 352 1495 403 (described
1521 355 1573 403 by
1599 354 1730 391 Goetz

203 420 242 458 in
276 422 356 459 vol.
395 421 466 459 xiii
500 422 543 459 of
578 421 647 458 the
682 421 866 459 Saxon's
899 421 1152 469 Academy's
1188 420 1505 470 Transactions)
1543 421 1611 459 the
1648 427 1733 458 two

203 488 371 539 leading
407 489 531 528 MSS.
572 490 676 526 have
711 490 814 526 been
851 488 981 526 used:
1037 487 1155 525 Paris
1195 489 1430 526 11529—30
1469 487 1650 537 (written
1688 495 1732 527 at

202 555 368 606 Corbie)
405 557 486 594 and
522 557 618 593 Vat.
660 556 745 593 Pal.
789 556 889 594 1773
926 554 1107 604 (written
1142 564 1185 594 at
1220 555 1408 605 Lorsch),
1447 556 1548 594 both
1583 558 1627 594 of
1663 556 1734 593 the

208 624 319 673 early
352 629 446 672 part
478 623 523 660 of
554 623 625 660 the
655 622 772 660 ninth
804 629 989 672 century.
1052 623 1192 660 When
1223 623 1294 660 the
1325 622 1527 672 compiler
1556 623 1730 661 blended

211 689 527 728 Isidore—with
558 689 942 737 julian——xnaterial
974 689 1013 726 in
1046 689 1165 726 these
1196 689 1415 727 rhetorical
1446 690 1626 738 glosses,
1661 689 1731 727 the

209 756 434 805 testimony
463 756 509 793 of
536 756 596 793 Gl.
631 756 664 792 is
692 756 930 793 weakened.

286 930 315 967 l.
380 931 454 968 DE
511 929 901 968 BARBARISMO.
965 928 1003 966 1.
1038 928 1332 968 Barbarismus
1385 937 1449 968 est
1501 943 1584 967 una
1636 943 1734 980 pars

202 997 404 1035 orationis
430 997 581 1036 vitiosa
606 998 644 1035 in
670 998 880 1037 communi
906 1010 1113 1048 sermone,
1143 998 1182 1036 id
1208 1005 1272 1036 est
1298 998 1337 1035 in
1364 998 1501 1036 soluta
1526 998 1728 1037 oratione.

206 1066 251 1103 In
281 1072 473 1115 poemate
503 1073 643 1103 autem
674 1066 737 1103 vel
769 1066 807 1103 in
838 1064 1021 1104 carmine
1051 1065 1353 1114 metaplasmus
1383 1071 1570 1103 vocatur.
1634 1065 1734 1102 Bar-

202 1133 411 1172 barismus
463 1132 599 1172 dictus
653 1134 771 1183 quasi
823 1148 845 1171 a
898 1133 1088 1171 barbaris
1139 1132 1352 1183 gentibus,
1408 1134 1506 1170 dum
1559 1133 1736 1171 Latinae

202 1200 404 1239 orationis
429 1201 718 1251 integritatem
739 1200 960 1239 nescirent.
1022 1199 1059 1238 2.
1098 1201 1210 1238 Inter
1234 1199 1541 1239 barbarismum
1565 1208 1606 1239 et
1631 1201 1735 1239 sole-

202 1268 379 1307 cismum
416 1269 495 1308 hoc
531 1270 703 1307 interest
741 1272 851 1316 quod
890 1268 1178 1308 barbarismus
1216 1270 1255 1307 in
1294 1281 1375 1306 una
1414 1275 1581 1306 tantum«
1615 1275 1733 1319 parte

203 1335 405 1374 orationis
443 1337 500 1383 fit,
541 1337 711 1385 quando
746 1336 899 1374 vitiosa
937 1336 975 1374 in
1015 1338 1225 1375 communi
1266 1348 1472 1384 sermone,
1505 1337 1554 1376 1id
1591 1344 1654 1374 est
1694 1335 1732 1373 in

206 1417 347 1455 prosa,
384 1405 650 1451 enuntiatur;
698 1417 796 1442 nam
830 1404 863 1442 si
899 1404 938 1442 in
974 1410 1166 1453 poemate
1200 1405 1266 1441 vel
1301 1405 1339 1442 in
1375 1403 1559 1442 carmine
1591 1402 1730 1449 fuerit,

207 1473 508 1521 metaplasmus
533 1478 610 1510 est.
673 1471 930 1511 Solecismus
953 1479 1093 1510 autem
1117 1484 1199 1509 non
1224 1478 1364 1520 potest
1389 1470 1562 1510 inveniri
1589 1472 1627 1510 in
1652 1484 1736 1511 una

207 1546 324 1589 parte
354 1539 570 1587 oratio-nis,
604 1541 675 1578 sed
706 1540 993 1588 discrepantes
1023 1547 1096 1579 aut
1126 1540 1475 1587 inconsequentes
1507 1540 1546 1577 in
1578 1552 1621 1577 se
1652 1538 1735 1577 dic-

207 1607 342 1646 tione-s
392 1608 530 1646 habet.
626 1606 666 1645 3.
701 1608 814 1645 Inter
864 1606 1171 1646 barbarismum
1224 1614 1264 1644 et
1314 1606 1606 1645 b-arbarolexin
1657 1607 1736 1644 hoc

208 1675 380 1714 interest
416 1678 526 1726 quod
561 1676 848 1714 barbarismus
882 1676 921 1713 in
958 1681 1102 1713 nostra
1138 1675 1315 1724 loquella
1351 1675 1409 1723 fit,
1449 1676 1619 1725 quando
1652 1687 1735 1713 una

208 1756 307 1792 pars
341 1741 543 1781 orationis
579 1744 621 1781 in
655 1744 865 1782 communi
904 1754 1095 1781 sermone
1132 1741 1282 1780 vitiose
1319 1741 1571 1780 enuntiatur.
1636 1741 1736 1779 Bar-

207 1810 416 1849 barolexis
458 1817 598 1849 autem
640 1810 790 1849 dicitur
831 1811 1000 1860 quando
1042 1809 1264 1860 peregrina
1306 1817 1346 1847 et
1387 1810 1566 1848 barbara
1607 1809 1735 1847 verba

210 1879 371 1917 Latinis
427 1878 602 1928 eloquiis
660 1878 924 1925 inseruntur;
995 1885 1042 1916 ut
1097 1877 1228 1926 siquis
1286 1877 1398 1916 dicat
1457 1879 1465 1893 ‘
1487 1877 1732 1923 mastruca‚'

211 1947 406 1994 ‘cateia‚’
461 1945 703 1996 ‘magalia’
777 1947 997 1984 Mastruca
1043 1945 1152 1983 enim
1199 1945 1426 1983 barbarum
1473 1956 1624 1983 nomen
1672 1950 1736 1982 est

214 2013 376 2052 Latinis
425 2014 600 2062 eloquiis
652 2014 878 2059 insertum;
929 2012 1102 2060 cateias,
1155 2013 1302 2050 hastas
1353 2012 1498 2062 lingua
1551 2011 1734 2058 Gallica;

209 2083 406 2134 magalia,
442 2083 584 2134 lingua
620 2084 776 2122 Punica
809 2097 932 2122 casae
966 2083 1213 2134 pastorales.
1273 2081 1311 2120 4.
1344 2081 1495 2121 Omnis
1527 2082 1738 2121 barbaris-

211 2165 303 2191 mus
329 2153 493 2191 duobus
520 2150 653 2190 modis
682 2152 725 2188 fit
753 2159 932 2197 tantum,
963 2151 1001 2189 id
1028 2158 1091 2189 est
1119 2149 1461 2201 pronuntiatione
1486 2157 1526 2188 et
1555 2148 1736 2199 script03

210 2219 308 2269 quia
340 2226 413 2257 aut
447 2218 591 2262 <in>
627 2217 795 2268 scriptis
827 2219 903 2257 hoc
937 2217 1086 2256 vitium
1119 2217 1342 2265 invenitur,
1378 2225 1451 2256 aut
1482 2217 1522 2256 in
1555 2229 1737 2268 pronun-

211 2286 384 2324 tiatione
409 2286 620 2335 profertur
647 2300 774 2334 quum
804 2299 884 2323 non
914 2285 1081 2335 scriptis
1109 2289 1180 2325 sed
1209 2284 1484 2323 communiter
1513 2284 1731 2334 loquimur.

211 2354 249 2392 5.
286 2353 578 2392 Barbarismus
609 2355 678 2401 qui
710 2354 908 2403 bipertito
938 2355 1064 2391 modo
1095 2354 1152 2397 fit.
1189 2354 1226 2391 id
1259 2359 1322 2391 est
1356 2353 1512 2402 scripto
1541 2359 1613 2390 aut
1643 2365 1738 2402 pro-

210 2421 486 2469 nuntiatione,
540 2429 740 2471 quattuor
789 2421 948 2470 species
999 2423 1125 2460 habet
1175 2434 1246 2470 per
1295 2434 1400 2467 quas
1450 2418 1736 2458 barbarismus

278 2521 386 2551 1—11.
414 2532 481 2552 om.
507 2520 545 2551 E.
597 2521 623 2551 I.
653 2519 681 2552 1.
709 2522 832 2551 vitiosa
853 2532 919 2552 om.
945 2521 980 2551 F.
1027 2524 1107 2552 aum
1129 2522 1199 2560 (the
1221 2522 1370 2561 Spanish
1391 2521 1673 2561 autem—symbol)
1695 2521 1732 2551 L.

212 2576 419 2617 integritatis
441 2577 633 2606 orationem
662 2576 697 2605 F.
746 2574 776 2606 2.
805 2587 867 2606 scr.
895 2577 1047 2606 eiusdem
1074 2576 1105 2606 in
1133 2587 1162 2615 p.
1193 2576 1228 2605 1³.
1279 2579 1359 2606 auin
1387 2576 1424 2606 L.
1473 2586 1578 2606 unam
1602 2582 1734 2616 partem

212 2631 279 2660 FL.
326 2631 539 2670 increpantes
562 2630 598 2660 F.
644 2630 729 2660 inter
751 2632 809 2659 so?
831 2632 863 2667 (a
885 2631 992 2660 better
1013 2630 1149 2669 phrase,
1173 2630 1231 2660 but
1255 2636 1312 2660 not
1333 2629 1536 2669 necessarily
1557 2628 1732 2670 Julian’s).

211 2683 242 2717 3.
270 2686 302 2715 in
327 2695 359 2715 n.
386 2685 503 2725 lingua
529 2684 565 2713 F.
615 2690 794 2724 mastruga
819 2685 890 2714 bar.
919 2686 1000 2721 (om.
1028 2685 1134 2722 enim)
1160 2684 1196 2713 F.
1245 2690 1343 2714 astae
1366 2684 1526 2714 dicuntur
1570 2684 1591 2714 l.
1618 2683 1658 2714 G.
1687 2694 1732 2714 m.

212 2748 292 2769 vero
307 2738 325 2768 l.
345 2739 379 2768 P.
397 2748 424 2769 c.
441 2749 471 2778 p.
489 2738 648 2768 dicuntur
664 2738 700 2768 F.
735 2736 765 2768 4.
785 2744 919 2768 tantum
935 2738 1016 2768 item
1031 2743 1146 2768 autem
1162 2748 1192 2777 p.
1210 2744 1280 2768 aut.
1297 2747 1322 2768 s.
1340 2748 1371 2777 q.
1388 2748 1414 2768 S.
1432 2737 1469 2769 F.
1505 2748 1601 2778 pron.
1618 2743 1736 2768 nostra

213 2793 301 2835 prof.
325 2793 362 2824 F.
398 2803 579 2824 commune
599 2792 636 2822 F.
676 2790 707 2825 5.
732 2793 772 2823 Id·
790 2798 839 2823 est
859 2793 889 2823 b.
913 2792 993 2833 quia
1013 2792 1079 2833 bip.
1105 2792 1141 2823 F.
1182 2792 1466 2833 detractio—asp.
1491 2791 1529 2823 L.
1549 2803 1555 2823 :
1589 2792 1734 2824 adiectio
