1882 3032
188 98 237 135 32
747 98 888 148 Julian
917 99 963 148 of
992 99 1146 136 Toledo

186 231 307 256 usum
335 218 404 267 qui
434 225 497 256 est
525 225 673 258 contra
700 221 926 265 naturam,’
959 226 999 257 et
1029 226 1180 257 cetera.
1243 218 1308 257 50.
1344 220 1618 269 Hyperbaton
1649 226 1714 259 est

185 284 449 324 transcen-sio
467 286 674 335 quaedam
696 287 918 324 verborum
941 286 1130 325 ordinem
1150 287 1337 324 turbans.
1400 287 1530 326 Cuius
1554 289 1714 337 species

188 359 284 389 sunt
324 352 532 401 quinque:
576 353 876 403 hysterologia,
919 354 1186 402 anastrophe,
1229 354 1506 403 parenthesiS‚
1547 355 1709 402 tmesis,

188 419 411 469 synthesis.
473 418 539 457 51.
576 420 740 458 Primus
778 421 1051 470 hyperbaton,
1091 421 1377 471 hysterologia
1414 423 1478 459 vel
1515 422 1714 471 hysteron

188 493 399 535 proteron,
431 493 494 525 est
524 488 731 526 sententia
760 501 887 537 quum
918 488 1055 525 verbiS
1083 489 1188 526 ordo
1214 494 1415 535 mutatur,
1447 496 1491 527 ut
1521 489 1638 539 (Aen.
1676 491 1711 536 1,

189 554 279 605 179)
307 556 314 570 ‘
334 561 374 593 et
396 562 556 593 torrere
575 562 725 604 parant
749 554 926 592 flammis
949 563 988 593 et
1013 557 1210 604 frangere
1232 568 1337 593 saxo
1355 557 1362 571 '
1383 571 1391 603 ;
1427 568 1554 605 quum
1579 555 1714 595 dicere

187 621 329 660 debuit
356 629 513 660 torre-re
539 623 716 660 flammis
744 630 839 671 post
864 623 1063 672 frangere
1089 636 1205 660 saxo.
1271 623 1374 661 Item
1403 622 1520 674 (Aen.
1554 625 1591 673 3,
1623 623 1715 672 662)

191 691 443 740 ‘postquam
480 690 588 728 altos
624 689 764 740 tetigit
800 691 950 728 fluctus
986 698 1026 729 et
1063 693 1113 729 ad
1151 704 1334 738 aequora
1369 691 1480 728 venit
1503 691 1538 738 ’;
1587 704 1715 740 quum

188 763 312 795 antea
342 760 393 796 ad
425 770 608 806 aequora
638 757 751 795 venit
782 763 822 795 et
854 757 910 796 sic
942 757 1081 807 tetigit
1113 759 1275 795 fluctus.
1335 759 1439 796 Item
1471 760 1509 796 in
1542 757 1717 807 Georgi-

189 838 335 863 corum
359 825 413 874 (1,
443 825 533 874 267)
563 828 570 842 ‘
594 838 701 863 nunc
726 831 881 862 torrete
907 825 993 874 igni
1022 826 1181 875 fruges,
1211 838 1319 863 nunc
1347 825 1530 874 frangite
1556 838 1663 863 saxo
1681 825 1716 871 '3

190 895 287 932 d'um
344 899 467 931 antea
524 906 704 942 granum
759 894 983 941 frangatur
1038 900 1077 930 et
1133 899 1279 941 postea
1338 891 1437 942 igne·
1491 899 1711 930 torreatur.

189 958 256 998 52.
291 961 399 1007 Item.
420 960 460 998 in
482 960 690 998 Aeneidos
715 959 769 1009 (1,
797 959 888 1009 264)
917 961 923 975 ‘
946 972 1166 1008 moresque
1190 958 1289 997 viris
1313 966 1353 997 et
1379 941 1542 998 moenia
1567 958 1714 1009 ponit.’

190 1027 351 1079 (Mores
388 1026 541 1077 quippe
579 1028 697 1077 leges
734 1026 871 1075 dixit.)
932 1026 1051 1065 Prius
1090 1026 1198 1064 enim
1237 1026 1400 1064 moenia
1438 1040 1563 1075 quam
1603 1028 1719 1076 leges

190 1097 352 1133 damus
418 1096 470 1132 Et
511 1095 550 1132 in
592 1095 778 1133 secundo
816 1094 926 1145 (353)
971 1094 1229 1132 ‘moriamur
1267 1102 1308 1132 et
1348 1094 1386 1132 in
1429 1094 1564 1133 media
1603 1106 1718 1132 arma

192 1176 362 1201 ruamus
382 1163 419 1209 ’;
461 1163 558 1200 dum
585 1169 708 1200 antea
734 1160 913 1210 quisque
938 1161 1072 1210 possit
1101 1174 1218 1200 ruere
1245 1167 1285 1198 et
1311 1169 1457 1210 postea
1485 1160 1602 1199 mori.
1667 1162 1720 1198 Et

193 1230 231 1268 in
261 1231 387 1269 tertio
414 1230 523 1283 (179)
557 1232 563 1245 ‘
586 1229 795 1268 Anchisen
826 1229 936 1267 facio
963 1235 1125 1269 certum
1152 1241 1320 1278 remque
1350 1228 1497 1268 ordine
1524 1229 1665 1279 pando
1683 1229 1719 1274 ';

193 1299 292 1335 dum
321 1303 446 1335 antea
476 1296 622 1346 pandit
651 1304 692 1334 et
722 1302 870 1346 postea
900 1302 1059 1334 certum
1091 1296 1204 1334 facit.
1267 1294 1333 1334 53.
1369 1297 1474 1334 Item
1505 1296 1558 1335 ibi
1589 1295 1644 1347 (4,
1679 1295 1716 1346 6)

194 1366 202 1380 ‘
223 1371 393 1414 postera
449 1364 642 1402 Phoebea
697 1364 903 1402 lustrabat
960 1364 1154 1413 lamp—ade
1207 1370 1341 1402 terras
1397 1364 1720 1412 humentemque

192 1433 354 1471 Aurora
382 1432 479 1481 polo
506 1431 739 1470 dimoverat
768 1432 958 1469 umbram
979 1432 1015 1477 ’;
1058 1430 1172 1479 prius
1200 1431 1308 1469 enim
1339 1433 1528 1469 umbram
1559 1431 1719 1468 Aurora

193 1506 380 1538 removet
408 1505 448 1536 et
478 1505 625 1548 postea
657 1499 813 1537 Phoebi
844 1500 1005 1547 lampas
1037 1498 1231 1547 refulget.
1296 1499 1399 1536 Item
1432 1497 1470 1535 in
1503 1496 1722 1547 Georgicis

196 1566 250 1618 (3,
280 1566 345 1616 61)
373 1565 552 1604 ‘desinit
577 1572 675 1604 ante
699 1567 856 1612 decem,
886 1573 982 1615 post
1007 1571 1209 1614 quattuor
1233 1565 1376 1614 incipit
1403 1578 1537 1603 annos
1556 1566 1564 1580 '
1585 1578 1593 1611 ;
1621 1565 1718 1617 dum

193 1640 316 1673 antea
356 1633 438 1671 sint
475 1640 676 1683 quattuor
711 1640 751 1671 et
789 1639 936 1683 postea
974 1634 1129 1670 decem.
1227 1630 1293 1670 54.
1327 1632 1559 1681 Secundus,
1601 1645 1722 1670 anas-

193 1703 355 1751 trophe,
381 1708 445 1740 est
469 1701 691 1738 verborum
717 1706 880 1738 tantum
904 1701 1009 1737 ordo
1029 1706 1342 1749 praeposterus
1370 1706 1415 1739 ut
1441 1699 1559 1749 (Aen.
1592 1702 1627 1748 1,
1658 1698 1720 1749 13)

195 1769 391 1807 ‘Italiam
428 1768 606 1814 contra‚‘
648 1781 725 1817 pro
759 1775 906 1806 contra
946 1767 1123 1805 Italiam.
1188 1767 1293 1805 Item
1331 1774 1376 1805 ut
1416 1766 1533 1815 (Aen.
1578 1768 1615 1815 3,
1657 1765 1722 1813 75)

197 1837 347 1875 ‘litora
380 1837 568 1882 eircum‚’
604 1849 681 1885 pro
712 1835 866 1874 ciscum
901 1834 1034 1872 litora.
1097 1833 1164 1872 55.
1197 1833 1467 1872 Parenthesis
1501 1841 1566 1872 est
1599 1835 1723 1872 inter-

194 1904 334 1954 posita
359 1903 626 1942 ratiocinatio
650 1903 811 1942 divisae
837 1902 1084 1951 sententiae,
1115 1908 1160 1941 ut
1186 1901 1306 1953 (Aen.
1339 1903 1374 1949 1,
1406 1901 1497 1951 643)
1530 1900 1722 1938 ‘Aeneas

193 1985 382 2021 ——neque
406 1970 516 2009 enim
537 1969 699 2021 patrius
723 1970 952 2010 consistere
978 1975 1161 2007 mentem
1181 1983 1333 2019 passus
1358 1966 1721 2017 amor—rapidum

195 2042 246 2079 ad
285 2052 413 2077 naves
451 2037 681 2088 praemittit
720 2037 937 2076 Achaten.'
1000 2036 1154 2075 Debuit
1193 2037 1302 2074 enim
1340 2036 1503 2076 dicere:
1560 2036 1726 2073 Aeneas

198 2106 388 2155 rapidum
429 2105 659 2154 praemittit
698 2105 899 2142 Achaten.
979 2105 1082 2141 Item
1123 2104 1161 2141 in
1202 2111 1323 2141 sexto
1361 2102 1466 2141 libro
1502 2104 1552 2141 de
1591 2103 1725 2140 Bruto

197 2177 307 2229 (822)
340 2176 527 2225 ‘infelix,
559 2183 820 2225 utquumque
848 2175 983 2212 ferent
1011 2187 1060 2212 ea
1088 2175 1203 2212 facta
1232 2174 1445 2211 minores.’
1509 2173 1586 2211 Est
1615 2172 1724 2210 enim

195 2246 298 2282 ordo
322 2244 417 2282 talis
438 2258 445 2282 ε
488 2242 630 2280 infelix
653 2242 750 2281 vicit
775 2255 894 2281 amor
916 2241 1090 2293 patriae.
1155 2243 1259 2279 Item
1285 2243 1324 2279 in
1352 2241 1522 2279 Psalmo
1546 2239 1628 2291 (17,
1656 2240 1722 2291 42)

197 2315 206 2330 ‘
227 2313 649 2350 clamaverunt—nec
678 2317 767 2347 erat
796 2311 866 2358 qui
900 2310 1039 2347 salvos
1072 2310 1338 2348 faceret—ad
1374 2307 1615 2356 Dominum,
1650 2320 1727 2345 nec

198 2378 410 2416 exaudivit
446 2378 552 2415 eos.’
613 2376 678 2415 56.
712 2377 879 2415 Tmesis
913 2383 976 2414 est
1011 2376 1137 2416 unius
1171 2376 1378 2425 conpositi
1415 2382 1487 2413 aut
1524 2374 1726 2424 simplicis

197 2446 311 2484 verbi
348 2445 479 2484 sectio
511 2457 592 2483 una
627 2443 806 2482 dictione
841 2446 904 2482 vel
940 2442 1127 2492 plurimis
1165 2442 1405 2487 interiectis,
1445 2449 1489 2480 ut
1525 2440 1642 2491 (Geo.
1685 2443 1721 2487 3,

198 2573 278 2610 (om.
305 2571 351 2608 et)
374 2570 411 2600 F.
457 2571 537 2600 item
562 2571 622 2609 Ap.
651 2570 677 2599 E
699 2570 791 2609 fipsls
816 2569 851 2598 F.
901 2569 932 2599 in
957 2570 1019 2600 del.
1049 2569 1104 2598 F2.
1164 2567 1218 2600 51.
1245 2580 1351 2609 quum
1376 2569 1420 2599 di.
1446 2569 1630 2599 de.—saxo
1655 2579 1721 2599 om.

198 2625 236 2655 Ε.
287 2624 377 2665 post]
404 2631 435 2655 et
464 2624 501 2654 F.
553 2624 611 2664 qui
639 2630 740 2654 antea
770 2623 806 2653 L.
859 2624 1041 2663 georgicon
1073 2623 1111 2653 E.
1176 2621 1228 2654 52.
1257 2623 1363 2662 possit
1392 2623 1536 2663 quisque
1564 2622 1603 2652 E.
1667 2621 1722 2655 53.

200 2678 337 2719 desinit]
358 2679 450 2709 venit
471 2678 508 2708 E.
549 2685 629 2709 ante
648 2679 715 2708 sint
736 2677 774 2708 E.
813 2675 866 2709 54.
890 2679 971 2708 item
993 2684 1029 2708 ut
1051 2677 1099 2708 lit.
1121 2677 1198 2708 circ.
1223 2677 1358 2717 inspicit
1377 2678 1510 2708 umbra.
1536 2677 1659 2708 Paren.
1682 2676 1722 2708 E.

201 2732 256 2766 56.
280 2733 410 2764 massili
434 2733 470 2763 L.
514 2733 750 2763 massilitanas
772 2731 809 2762 L.
852 2730 905 2764 57.
932 2732 1019 2762 Item
1039 2737 1076 2762 ut
1096 2739 1179 2772 gero
1198 2731 1236 2762 E.
1281 2732 1371 2762 Bede
1393 2731 1542 2770 (Schem.
1565 2736 1599 2762 et
1618 2731 1721 2772 Trop.
