<?xml version="1.0" encoding="UTF-8"?>
<!DOCTYPE html PUBLIC "-//W3C//DTD XHTML 1.0 Transitional//EN"
    "http://www.w3.org/TR/xhtml1/DTD/xhtml1-transitional.dtd">
<html xmlns="http://www.w3.org/1999/xhtml" xml:lang="en" lang="en">
 <head>
  <title>
</title>
<meta http-equiv="Content-Type" content="text/html;charset=utf-8" />
  <meta name='ocr-system' content='tesseract 3.04.00' />
  <meta name='ocr-capabilities' content='ocr_page ocr_carea ocr_par ocr_line ocrx_word'/>
</head>
<body>
  <div class='ocr_page' id='page_1' title='image "./devitiisetfiguri00juliuoft_0019.png"; bbox 0 0 1846 3017; ppageno 0'>
   <div class='ocr_carea' id='block_1_1' title="bbox 684 124 1643 173">
    <p class='ocr_par' dir='ltr' id='par_1_1' title="bbox 684 124 1643 173">
     <span class='ocr_line' id='line_1_1' title="bbox 684 124 1643 173; baseline 0.004 -13"><span class='ocrx_word' id='word_1_1' title='bbox 684 124 822 173; x_wconf 80' lang='lat' dir='ltr'><em>Julian</em></span> <span class='ocrx_word' id='word_1_2' title='bbox 853 124 899 173; x_wconf 76' lang='lat' dir='ltr'>os</span> <span class='ocrx_word' id='word_1_3' title='bbox 929 124 1082 161; x_wconf 81' lang='lat' dir='ltr'>Toledo</span> <span class='ocrx_word' id='word_1_4' title='bbox 1596 128 1643 164; x_wconf 88' lang='lat'>13</span> 
     </span>
    </p>
   </div>
   <div class='ocr_carea' id='block_1_2' title="bbox 124 241 1645 426">
    <p class='ocr_par' dir='ltr' id='par_1_2' title="bbox 124 241 1645 426">
     <span class='ocr_line' id='line_1_2' title="bbox 124 241 1645 293; baseline 0.001 -13"><span class='ocrx_word' id='word_1_5' title='bbox 124 243 343 280; x_wconf 86' lang='lat' dir='ltr'>dicendum</span> <span class='ocrx_word' id='word_1_6' title='bbox 378 241 459 279; x_wconf 85' lang='lat' dir='ltr'>sit:</span> <span class='ocrx_word' id='word_1_7' title='bbox 509 242 593 279; x_wconf 84' lang='lat' dir='ltr'>fieri</span> <span class='ocrx_word' id='word_1_8' title='bbox 626 249 766 280; x_wconf 83' lang='lat' dir='ltr'>autem</span> <span class='ocrx_word' id='word_1_9' title='bbox 800 256 879 280; x_wconf 85' lang='lat' dir='ltr'>non</span> <span class='ocrx_word' id='word_1_10' title='bbox 913 244 1046 282; x_wconf 77' lang='lat' dir='ltr'>debet.</span> <span class='ocrx_word' id='word_1_11' title='bbox 1110 241 1177 280; x_wconf 86' lang='lat'>22.</span> <span class='ocrx_word' id='word_1_12' title='bbox 1214 244 1256 281; x_wconf 88' lang='lat' dir='ltr'>In</span> <span class='ocrx_word' id='word_1_13' title='bbox 1291 256 1414 293; x_wconf 78' lang='lat' dir='ltr'>prosa</span> <span class='ocrx_word' id='word_1_14' title='bbox 1447 244 1571 291; x_wconf 86' lang='lat' dir='ltr'>enim,</span> <span class='ocrx_word' id='word_1_15' title='bbox 1608 245 1645 282; x_wconf 90' lang='lat' dir='ltr'>id</span> 
     </span>
     <span class='ocr_line' id='line_1_3' title="bbox 124 308 1645 357; baseline 0.001 -10"><span class='ocrx_word' id='word_1_16' title='bbox 124 317 187 348; x_wconf 87' lang='lat' dir='ltr'>est</span> <span class='ocrx_word' id='word_1_17' title='bbox 220 310 258 349; x_wconf 90' lang='lat' dir='ltr'>in</span> <span class='ocrx_word' id='word_1_18' title='bbox 288 308 478 347; x_wconf 88' lang='lat' dir='ltr'>oratione</span> <span class='ocrx_word' id='word_1_19' title='bbox 509 310 660 355; x_wconf 83' lang='lat' dir='ltr'>soluta,</span> <span class='ocrx_word' id='word_1_20' title='bbox 696 309 842 347; x_wconf 84' lang='lat' dir='ltr'>vitium</span> <span class='ocrx_word' id='word_1_21' title='bbox 875 312 1034 348; x_wconf 81' lang='lat' dir='ltr'>factum</span> <span class='ocrx_word' id='word_1_22' title='bbox 1065 310 1328 349; x_wconf 85' lang='lat' dir='ltr'>solecismum</span> <span class='ocrx_word' id='word_1_23' title='bbox 1362 309 1561 357; x_wconf 83' lang='lat' dir='ltr'>dicimus;</span> <span class='ocrx_word' id='word_1_24' title='bbox 1608 311 1645 348; x_wconf 89' lang='lat' dir='ltr'>in</span> 
     </span>
     <span class='ocr_line' id='line_1_4' title="bbox 124 376 944 426; baseline 0.001 -12"><span class='ocrx_word' id='word_1_25' title='bbox 124 384 317 426; x_wconf 80' lang='lat' dir='ltr'><strong>poemate</strong></span> <span class='ocrx_word' id='word_1_26' title='bbox 341 384 481 415; x_wconf 86' lang='lat' dir='ltr'>autem</span> <span class='ocrx_word' id='word_1_27' title='bbox 507 377 677 415; x_wconf 85' lang='lat' dir='ltr'>schema</span> <span class='ocrx_word' id='word_1_28' title='bbox 699 376 944 426; x_wconf 84' lang='lat' dir='ltr'>appellatur.</span> 
     </span>
    </p>
   </div>
   <div class='ocr_carea' id='block_1_3' title="bbox 121 459 1658 2056">
    <p class='ocr_par' dir='ltr' id='par_1_3' title="bbox 121 459 1658 2056">
     <span class='ocr_line' id='line_1_5' title="bbox 206 459 1645 510; baseline -0.001 -12"><span class='ocrx_word' id='word_1_29' title='bbox 206 461 284 498; x_wconf 92' lang='lat'>111.</span> <span class='ocrx_word' id='word_1_30' title='bbox 321 461 395 498; x_wconf 81' lang='lat' dir='ltr'>DE</span> <span class='ocrx_word' id='word_1_31' title='bbox 435 460 682 498; x_wconf 80' lang='lat' dir='ltr'>CETERIS</span> <span class='ocrx_word' id='word_1_32' title='bbox 723 461 912 499; x_wconf 75' lang='lat' dir='ltr'>VITIIS.</span> <span class='ocrx_word' id='word_1_33' title='bbox 985 459 1023 497; x_wconf 92' lang='lat'>1.</span> <span class='ocrx_word' id='word_1_34' title='bbox 1057 459 1295 509; x_wconf 81' lang='lat' dir='ltr'>Acirologia</span> <span class='ocrx_word' id='word_1_35' title='bbox 1334 468 1396 498; x_wconf 87' lang='lat' dir='ltr'>est</span> <span class='ocrx_word' id='word_1_36' title='bbox 1437 459 1645 510; x_wconf 85' lang='lat' dir='ltr'>inpropria</span> 
     </span>
     <span class='ocr_line' id='line_1_6' title="bbox 125 526 1646 578; baseline -0.001 -13"><span class='ocrx_word' id='word_1_37' title='bbox 125 526 266 572; x_wconf 83' lang='lat' dir='ltr'>dictio,</span> <span class='ocrx_word' id='word_1_38' title='bbox 307 534 350 564; x_wconf 92' lang='lat' dir='ltr'>ut</span> <span class='ocrx_word' id='word_1_39' title='bbox 389 526 507 576; x_wconf 88' lang='lat' dir='ltr'>(Aen.</span> <span class='ocrx_word' id='word_1_40' title='bbox 551 529 587 571; x_wconf 79' lang='lat'>4,</span> <span class='ocrx_word' id='word_1_41' title='bbox 629 527 719 574; x_wconf 75' lang='lat'>419)</span> <span class='ocrx_word' id='word_1_42' title='bbox 760 528 899 565; x_wconf 86' lang='lat' dir='ltr'>‘hunc</span> <span class='ocrx_word' id='word_1_43' title='bbox 934 540 1019 578; x_wconf 87' lang='lat' dir='ltr'>ego</span> <span class='ocrx_word' id='word_1_44' title='bbox 1053 528 1086 565; x_wconf 88' lang='lat' dir='ltr'>si</span> <span class='ocrx_word' id='word_1_45' title='bbox 1125 528 1239 577; x_wconf 86' lang='lat' dir='ltr'>potui</span> <span class='ocrx_word' id='word_1_46' title='bbox 1278 536 1441 566; x_wconf 89' lang='lat' dir='ltr'>tantum</span> <span class='ocrx_word' id='word_1_47' title='bbox 1479 540 1646 577; x_wconf 85' lang='lat' dir='ltr'>sperare</span> 
     </span>
     <span class='ocr_line' id='line_1_7' title="bbox 121 591 1649 645; baseline 0.002 -15"><span class='ocrx_word' id='word_1_48' title='bbox 121 593 304 630; x_wconf 90' lang='lat' dir='ltr'>dolorem</span> <span class='ocrx_word' id='word_1_49' title='bbox 326 593 334 607; x_wconf 84' lang='lat'>&#39;</span> <span class='ocrx_word' id='word_1_50' title='bbox 355 605 363 637; x_wconf 83' lang='lat'>;</span> <span class='ocrx_word' id='word_1_51' title='bbox 384 605 552 642; x_wconf 87' lang='lat' dir='ltr'>sperare</span> <span class='ocrx_word' id='word_1_52' title='bbox 571 592 674 630; x_wconf 80' lang='lat' dir='ltr'>dixit</span> <span class='ocrx_word' id='word_1_53' title='bbox 696 606 772 642; x_wconf 90' lang='lat' dir='ltr'>pro</span> <span class='ocrx_word' id='word_1_54' title='bbox 791 593 935 631; x_wconf 86' lang='lat' dir='ltr'>timere</span> <span class='ocrx_word' id='word_1_55' title='bbox 953 607 960 638; x_wconf 88' lang='lat'><em>;</em></span> <span class='ocrx_word' id='word_1_56' title='bbox 987 591 1238 644; x_wconf 85' lang='lat' dir='ltr'>[acirologia</span> <span class='ocrx_word' id='word_1_57' title='bbox 1259 593 1440 632; x_wconf 87' lang='lat' dir='ltr'>a-ciro—</span> <span class='ocrx_word' id='word_1_58' title='bbox 1454 594 1649 645; x_wconf 81' lang='grc' dir='ltr'>(ἁ-κυρο-),</span> 
     </span>
     <span class='ocr_line' id='line_1_8' title="bbox 125 660 1642 713; baseline 0.001 -13"><span class='ocrx_word' id='word_1_59' title='bbox 125 663 164 702; x_wconf 87' lang='lat' dir='ltr'>id</span> <span class='ocrx_word' id='word_1_60' title='bbox 189 669 252 700; x_wconf 85' lang='lat' dir='ltr'>est</span> <span class='ocrx_word' id='word_1_61' title='bbox 276 662 366 701; x_wconf 88' lang='lat' dir='ltr'>sine</span> <span class='ocrx_word' id='word_1_62' title='bbox 388 660 593 712; x_wconf 74' lang='lat' dir='ltr'>dominio]</span> <span class='ocrx_word' id='word_1_63' title='bbox 623 670 667 702; x_wconf 87' lang='lat' dir='ltr'>ut</span> <span class='ocrx_word' id='word_1_64' title='bbox 691 665 789 701; x_wconf 90' lang='lat' dir='ltr'>dum</span> <span class='ocrx_word' id='word_1_65' title='bbox 814 676 1033 713; x_wconf 88' lang='lat' dir='ltr'>speramus</span> <span class='ocrx_word' id='word_1_66' title='bbox 1057 666 1180 713; x_wconf 89' lang='lat' dir='ltr'>bona,</span> <span class='ocrx_word' id='word_1_67' title='bbox 1208 663 1431 702; x_wconf 90' lang='lat' dir='ltr'>timeamus</span> <span class='ocrx_word' id='word_1_68' title='bbox 1453 665 1642 703; x_wconf 89' lang='lat' dir='ltr'>adversa.</span> 
     </span>
     <span class='ocr_line' id='line_1_9' title="bbox 128 729 1650 781; baseline 0.001 -13"><span class='ocrx_word' id='word_1_69' title='bbox 128 731 181 768; x_wconf 83' lang='lat' dir='ltr'>Et</span> <span class='ocrx_word' id='word_1_70' title='bbox 218 729 338 780; x_wconf 88' lang='lat' dir='ltr'>(Aen.</span> <span class='ocrx_word' id='word_1_71' title='bbox 381 733 418 778; x_wconf 90' lang='lat'>5,</span> <span class='ocrx_word' id='word_1_72' title='bbox 460 729 550 779; x_wconf 85' lang='grc'>287)</span> <span class='ocrx_word' id='word_1_73' title='bbox 593 730 841 780; x_wconf 84' lang='lat' dir='ltr'>‘gramineo</span> <span class='ocrx_word' id='word_1_74' title='bbox 878 732 914 769; x_wconf 90' lang='lat' dir='ltr'>in</span> <span class='ocrx_word' id='word_1_75' title='bbox 954 732 1136 780; x_wconf 84' lang='lat' dir='ltr'>campo,‘</span> <span class='ocrx_word' id='word_1_76' title='bbox 1178 744 1254 781; x_wconf 90' lang='lat' dir='ltr'>pro</span> <span class='ocrx_word' id='word_1_77' title='bbox 1290 730 1558 780; x_wconf 84' lang='lat' dir='ltr'>graminoso;</span> <span class='ocrx_word' id='word_1_78' title='bbox 1609 738 1650 769; x_wconf 89' lang='lat' dir='ltr'>et</span> 
     </span>
     <span class='ocr_line' id='line_1_10' title="bbox 126 797 1647 848; baseline -0.001 -12"><span class='ocrx_word' id='word_1_79' title='bbox 126 797 244 847; x_wconf 88' lang='lat' dir='ltr'>(Aen.</span> <span class='ocrx_word' id='word_1_80' title='bbox 294 799 330 846; x_wconf 92' lang='lat'>1,</span> <span class='ocrx_word' id='word_1_81' title='bbox 377 797 465 845; x_wconf 83' lang='lat'>191)</span> <span class='ocrx_word' id='word_1_82' title='bbox 511 799 757 835; x_wconf 90' lang='lat' dir='ltr'>‘nemorum</span> <span class='ocrx_word' id='word_1_83' title='bbox 802 798 904 836; x_wconf 82' lang='lat' dir='ltr'>silva</span> <span class='ocrx_word' id='word_1_84' title='bbox 949 798 1158 845; x_wconf 81' lang='lat' dir='ltr'>frondea,’</span> <span class='ocrx_word' id='word_1_85' title='bbox 1203 811 1279 848; x_wconf 90' lang='lat' dir='ltr'>pro</span> <span class='ocrx_word' id='word_1_86' title='bbox 1322 799 1533 836; x_wconf 85' lang='lat' dir='ltr'>frondosa.</span> <span class='ocrx_word' id='word_1_87' title='bbox 1608 797 1647 835; x_wconf 87' lang='lat'>2.</span> 
     </span>
     <span class='ocr_line' id='line_1_11' title="bbox 128 865 1649 915; baseline 0.001 -13"><span class='ocrx_word' id='word_1_88' title='bbox 128 865 398 904; x_wconf 88' lang='lat' dir='ltr'>Kakenfaton</span> <span class='ocrx_word' id='word_1_89' title='bbox 425 872 488 902; x_wconf 89' lang='lat' dir='ltr'>est</span> <span class='ocrx_word' id='word_1_90' title='bbox 515 866 696 903; x_wconf 89' lang='lat' dir='ltr'>obscena</span> <span class='ocrx_word' id='word_1_91' title='bbox 722 865 957 903; x_wconf 85' lang='lat' dir='ltr'>enuntiatio</span> <span class='ocrx_word' id='word_1_92' title='bbox 980 867 1043 904; x_wconf 92' lang='lat' dir='ltr'>vel</span> <span class='ocrx_word' id='word_1_93' title='bbox 1072 867 1109 904; x_wconf 90' lang='lat' dir='ltr'>in</span> <span class='ocrx_word' id='word_1_94' title='bbox 1136 865 1354 915; x_wconf 89' lang='lat' dir='ltr'>conposita</span> <span class='ocrx_word' id='word_1_95' title='bbox 1380 866 1560 905; x_wconf 85' lang='lat' dir='ltr'>dictione</span> <span class='ocrx_word' id='word_1_96' title='bbox 1587 867 1649 904; x_wconf 90' lang='lat' dir='ltr'>vel</span> 
     </span>
     <span class='ocr_line' id='line_1_12' title="bbox 129 931 1649 983; baseline 0 -13"><span class='ocrx_word' id='word_1_97' title='bbox 129 933 166 970; x_wconf 87' lang='lat' dir='ltr'>in</span> <span class='ocrx_word' id='word_1_98' title='bbox 191 945 276 971; x_wconf 92' lang='lat' dir='ltr'>uno</span> <span class='ocrx_word' id='word_1_99' title='bbox 297 933 438 978; x_wconf 85' lang='lat' dir='ltr'>verbo,</span> <span class='ocrx_word' id='word_1_100' title='bbox 466 940 510 971; x_wconf 91' lang='lat' dir='ltr'>ut</span> <span class='ocrx_word' id='word_1_101' title='bbox 537 931 655 983; x_wconf 74' lang='lat' dir='ltr'>(Aen.</span> <span class='ocrx_word' id='word_1_102' title='bbox 689 936 723 981; x_wconf 80' lang='lat'>1,</span> <span class='ocrx_word' id='word_1_103' title='bbox 755 934 844 982; x_wconf 84' lang='lat'>193)</span> <span class='ocrx_word' id='word_1_104' title='bbox 873 935 880 948; x_wconf 90' lang='lat'>‘</span> <span class='ocrx_word' id='word_1_105' title='bbox 902 946 1119 971; x_wconf 89' lang='lat' dir='ltr'>numerum</span> <span class='ocrx_word' id='word_1_106' title='bbox 1144 947 1237 972; x_wconf 90' lang='lat' dir='ltr'>cum</span> <span class='ocrx_word' id='word_1_107' title='bbox 1263 933 1439 971; x_wconf 77' lang='lat' dir='ltr'>navibus</span> <span class='ocrx_word' id='word_1_108' title='bbox 1463 933 1649 981; x_wconf 88' lang='lat' dir='ltr'>aequat‚&#39;</span> 
     </span>
     <span class='ocr_line' id='line_1_13' title="bbox 127 999 1649 1051; baseline -0.001 -13"><span class='ocrx_word' id='word_1_109' title='bbox 127 1007 167 1038; x_wconf 90' lang='lat' dir='ltr'>et</span> <span class='ocrx_word' id='word_1_110' title='bbox 199 999 310 1050; x_wconf 86' lang='lat' dir='ltr'><strong>(Ter.</strong></span> <span class='ocrx_word' id='word_1_111' title='bbox 344 999 472 1040; x_wconf 82' lang='lat' dir='ltr'>Andr.</span> <span class='ocrx_word' id='word_1_112' title='bbox 508 999 600 1049; x_wconf 86' lang='lat'>933)</span> <span class='ocrx_word' id='word_1_113' title='bbox 635 1002 643 1015; x_wconf 88' lang='lat'>‘</span> <span class='ocrx_word' id='word_1_114' title='bbox 664 999 802 1049; x_wconf 83' lang='lat' dir='ltr'>arrige</span> <span class='ocrx_word' id='word_1_115' title='bbox 834 1013 970 1045; x_wconf 88' lang='lat' dir='ltr'>aures,</span> <span class='ocrx_word' id='word_1_116' title='bbox 1007 999 1252 1049; x_wconf 59' lang='lat' dir='ltr'>Pamphile)</span> <span class='ocrx_word' id='word_1_117' title='bbox 1316 1002 1368 1038; x_wconf 81' lang='lat' dir='ltr'>Et</span> <span class='ocrx_word' id='word_1_118' title='bbox 1402 999 1498 1040; x_wconf 89' lang='lat' dir='ltr'>illud</span> <span class='ocrx_word' id='word_1_119' title='bbox 1531 999 1649 1051; x_wconf 85' lang='lat' dir='ltr'>(Aen.</span> 
     </span>
     <span class='ocr_line' id='line_1_14' title="bbox 128 1066 1652 1118; baseline -0.001 -12"><span class='ocrx_word' id='word_1_120' title='bbox 128 1070 166 1115; x_wconf 84' lang='lat'>6,</span> <span class='ocrx_word' id='word_1_121' title='bbox 200 1066 292 1116; x_wconf 88' lang='grc'>407)</span> <span class='ocrx_word' id='word_1_122' title='bbox 326 1069 334 1083; x_wconf 82' lang='lat'><strong>⁴</strong></span> <span class='ocrx_word' id='word_1_123' title='bbox 355 1067 515 1106; x_wconf 88' lang='lat' dir='ltr'>tumida</span> <span class='ocrx_word' id='word_1_124' title='bbox 546 1080 595 1104; x_wconf 84' lang='lat' dir='ltr'>ex</span> <span class='ocrx_word' id='word_1_125' title='bbox 630 1067 689 1105; x_wconf 89' lang='lat' dir='ltr'>ira</span> <span class='ocrx_word' id='word_1_126' title='bbox 721 1075 807 1106; x_wconf 91' lang='lat' dir='ltr'>tum</span> <span class='ocrx_word' id='word_1_127' title='bbox 839 1069 967 1107; x_wconf 85' lang='lat' dir='ltr'>corda</span> <span class='ocrx_word' id='word_1_128' title='bbox 999 1067 1180 1105; x_wconf 83' lang='lat' dir='ltr'>resident</span> <span class='ocrx_word' id='word_1_129' title='bbox 1200 1069 1236 1112; x_wconf 92' lang='lat'>&#39;;</span> <span class='ocrx_word' id='word_1_130' title='bbox 1284 1073 1400 1106; x_wconf 83' lang='lat' dir='ltr'>verte</span> <span class='ocrx_word' id='word_1_131' title='bbox 1431 1068 1527 1106; x_wconf 91' lang='lat' dir='ltr'>illud</span> <span class='ocrx_word' id='word_1_132' title='bbox 1559 1080 1652 1118; x_wconf 91' lang='lat' dir='ltr'>pro-</span> 
     </span>
     <span class='ocr_line' id='line_1_15' title="bbox 128 1133 1647 1185; baseline 0 -13"><span class='ocrx_word' id='word_1_133' title='bbox 128 1133 374 1172; x_wconf 89' lang='lat' dir='ltr'>nuntiatone</span> <span class='ocrx_word' id='word_1_134' title='bbox 405 1141 446 1172; x_wconf 92' lang='lat' dir='ltr'>et</span> <span class='ocrx_word' id='word_1_135' title='bbox 479 1134 582 1172; x_wconf 89' lang='lat' dir='ltr'>facis</span> <span class='ocrx_word' id='word_1_136' title='bbox 612 1134 771 1174; x_wconf 77' lang='lat' dir='ltr'>tumida</span> <span class='ocrx_word' id='word_1_137' title='bbox 800 1147 879 1185; x_wconf 90' lang='lat' dir='ltr'>pro</span> <span class='ocrx_word' id='word_1_138' title='bbox 908 1134 1079 1173; x_wconf 81' lang='lat' dir='ltr'>tumida.</span> <span class='ocrx_word' id='word_1_139' title='bbox 1145 1135 1248 1172; x_wconf 90' lang='lat' dir='ltr'>Item</span> <span class='ocrx_word' id='word_1_140' title='bbox 1283 1134 1497 1184; x_wconf 85' lang='lat' dir='ltr'>Vergilius</span> <span class='ocrx_word' id='word_1_141' title='bbox 1529 1134 1647 1184; x_wconf 88' lang='lat' dir='ltr'>(Aen.</span> 
     </span>
     <span class='ocr_line' id='line_1_16' title="bbox 128 1201 1653 1252; baseline 0 -13"><span class='ocrx_word' id='word_1_142' title='bbox 128 1202 166 1248; x_wconf 88' lang='grc'>2,</span> <span class='ocrx_word' id='word_1_143' title='bbox 193 1201 285 1252; x_wconf 90' lang='grc'>303)</span> <span class='ocrx_word' id='word_1_144' title='bbox 312 1203 320 1217; x_wconf 82' lang='lat'>⁴</span> <span class='ocrx_word' id='word_1_145' title='bbox 341 1201 514 1241; x_wconf 88' lang='lat' dir='ltr'>arrectis</span> <span class='ocrx_word' id='word_1_146' title='bbox 537 1201 708 1240; x_wconf 88' lang='lat' dir='ltr'>auribus</span> <span class='ocrx_word' id='word_1_147' title='bbox 731 1203 856 1240; x_wconf 86' lang='lat' dir='ltr'>adsto</span> <span class='ocrx_word' id='word_1_148' title='bbox 873 1203 910 1248; x_wconf 84' lang='lat'>’;</span> <span class='ocrx_word' id='word_1_149' title='bbox 949 1201 1047 1239; x_wconf 90' lang='lat' dir='ltr'>item</span> <span class='ocrx_word' id='word_1_150' title='bbox 1073 1202 1190 1252; x_wconf 90' lang='lat' dir='ltr'>(Aen.</span> <span class='ocrx_word' id='word_1_151' title='bbox 1223 1202 1285 1250; x_wconf 84' lang='lat'>12,</span> <span class='ocrx_word' id='word_1_152' title='bbox 1312 1201 1403 1252; x_wconf 82' lang='lat'>251)</span> <span class='ocrx_word' id='word_1_153' title='bbox 1431 1203 1439 1218; x_wconf 83' lang='lat'>‘</span> <span class='ocrx_word' id='word_1_154' title='bbox 1459 1213 1653 1239; x_wconf 85' lang='lat' dir='ltr'>arrexere</span> 
     </span>
     <span class='ocr_line' id='line_1_17' title="bbox 129 1267 1648 1319; baseline -0.001 -13"><span class='ocrx_word' id='word_1_155' title='bbox 129 1268 293 1306; x_wconf 91' lang='lat' dir='ltr'>animos</span> <span class='ocrx_word' id='word_1_156' title='bbox 317 1269 353 1314; x_wconf 87' lang='lat'>&#39;;</span> <span class='ocrx_word' id='word_1_157' title='bbox 392 1277 433 1308; x_wconf 86' lang='lat' dir='ltr'>et</span> <span class='ocrx_word' id='word_1_158' title='bbox 459 1267 577 1319; x_wconf 89' lang='lat' dir='ltr'>(Aen.</span> <span class='ocrx_word' id='word_1_159' title='bbox 610 1269 646 1315; x_wconf 85' lang='lat'>2,</span> <span class='ocrx_word' id='word_1_160' title='bbox 677 1269 740 1318; x_wconf 84' lang='lat'>27)</span> <span class='ocrx_word' id='word_1_161' title='bbox 768 1272 776 1285; x_wconf 92' lang='lat'>‘</span> <span class='ocrx_word' id='word_1_162' title='bbox 797 1268 951 1307; x_wconf 88' lang='lat' dir='ltr'>Dorica</span> <span class='ocrx_word' id='word_1_163' title='bbox 977 1276 1118 1307; x_wconf 86' lang='lat' dir='ltr'>castra</span> <span class='ocrx_word' id='word_1_164' title='bbox 1136 1270 1173 1314; x_wconf 90' lang='lat'>’;</span> <span class='ocrx_word' id='word_1_165' title='bbox 1215 1269 1312 1306; x_wconf 90' lang='lat' dir='ltr'>item</span> <span class='ocrx_word' id='word_1_166' title='bbox 1339 1268 1457 1319; x_wconf 89' lang='lat' dir='ltr'>(Aen.</span> <span class='ocrx_word' id='word_1_167' title='bbox 1491 1270 1527 1315; x_wconf 88' lang='lat'>1,</span> <span class='ocrx_word' id='word_1_168' title='bbox 1557 1268 1648 1317; x_wconf 83' lang='lat'>579)</span> 
     </span>
     <span class='ocr_line' id='line_1_18' title="bbox 131 1334 1654 1378; baseline -0.001 -5"><span class='ocrx_word' id='word_1_169' title='bbox 131 1337 139 1351; x_wconf 82' lang='lat'>⁴</span> <span class='ocrx_word' id='word_1_170' title='bbox 160 1336 224 1375; x_wconf 87' lang='lat' dir='ltr'>his</span> <span class='ocrx_word' id='word_1_171' title='bbox 255 1336 439 1374; x_wconf 87' lang='lat' dir='ltr'>animum</span> <span class='ocrx_word' id='word_1_172' title='bbox 473 1336 622 1373; x_wconf 87' lang='lat' dir='ltr'>arrecti</span> <span class='ocrx_word' id='word_1_173' title='bbox 654 1335 776 1375; x_wconf 89' lang='lat' dir='ltr'>dictis</span> <span class='ocrx_word' id='word_1_174' title='bbox 809 1342 849 1373; x_wconf 91' lang='lat' dir='ltr'>et</span> <span class='ocrx_word' id='word_1_175' title='bbox 881 1335 1003 1374; x_wconf 89' lang='lat' dir='ltr'>fortis</span> <span class='ocrx_word' id='word_1_176' title='bbox 1035 1335 1357 1378; x_wconf 84' lang='lat' dir='ltr'>Ac&lt;h&gt;ates.&#39;</span> <span class='ocrx_word' id='word_1_177' title='bbox 1422 1335 1474 1373; x_wconf 89' lang='lat' dir='ltr'>Et</span> <span class='ocrx_word' id='word_1_178' title='bbox 1506 1336 1539 1373; x_wconf 83' lang='lat' dir='ltr'>si</span> <span class='ocrx_word' id='word_1_179' title='bbox 1572 1334 1654 1374; x_wconf 91' lang='lat' dir='ltr'>alio</span> 
     </span>
     <span class='ocr_line' id='line_1_19' title="bbox 130 1401 1648 1452; baseline -0.001 -12"><span class='ocrx_word' id='word_1_180' title='bbox 130 1401 316 1451; x_wconf 89' lang='lat' dir='ltr'>quolibet</span> <span class='ocrx_word' id='word_1_181' title='bbox 357 1403 484 1440; x_wconf 90' lang='lat' dir='ltr'>modo</span> <span class='ocrx_word' id='word_1_182' title='bbox 525 1402 787 1452; x_wconf 88' lang='lat' dir='ltr'>inconposita</span> <span class='ocrx_word' id='word_1_183' title='bbox 830 1402 959 1440; x_wconf 89' lang='lat' dir='ltr'>dictio</span> <span class='ocrx_word' id='word_1_184' title='bbox 999 1403 1224 1452; x_wconf 82' lang='lat' dir='ltr'>profertur,</span> <span class='ocrx_word' id='word_1_185' title='bbox 1270 1403 1530 1440; x_wconf 82' lang='lat' dir='ltr'>kakenfaton</span> <span class='ocrx_word' id='word_1_186' title='bbox 1573 1410 1648 1440; x_wconf 87' lang='lat' dir='ltr'>est.</span> 
     </span>
     <span class='ocr_line' id='line_1_20' title="bbox 129 1467 1655 1520; baseline -0.001 -13"><span class='ocrx_word' id='word_1_187' title='bbox 129 1467 168 1507; x_wconf 89' lang='grc'>3.</span> <span class='ocrx_word' id='word_1_188' title='bbox 202 1470 475 1507; x_wconf 74' lang='lat' dir='ltr'>Pleonasmos</span> <span class='ocrx_word' id='word_1_189' title='bbox 507 1475 571 1507; x_wconf 90' lang='lat' dir='ltr'>est</span> <span class='ocrx_word' id='word_1_190' title='bbox 604 1468 784 1508; x_wconf 90' lang='lat' dir='ltr'>adiectio</span> <span class='ocrx_word' id='word_1_191' title='bbox 813 1469 926 1507; x_wconf 86' lang='lat' dir='ltr'>verbi</span> <span class='ocrx_word' id='word_1_192' title='bbox 961 1470 1208 1518; x_wconf 87' lang='lat' dir='ltr'>supervacui</span> <span class='ocrx_word' id='word_1_193' title='bbox 1242 1471 1294 1508; x_wconf 90' lang='lat' dir='ltr'>ad</span> <span class='ocrx_word' id='word_1_194' title='bbox 1327 1469 1491 1520; x_wconf 83' lang='lat' dir='ltr'>plenam</span> <span class='ocrx_word' id='word_1_195' title='bbox 1526 1467 1655 1518; x_wconf 85' lang='lat' dir='ltr'>signi-</span> 
     </span>
     <span class='ocr_line' id='line_1_21' title="bbox 130 1536 1654 1586; baseline 0 -12"><span class='ocrx_word' id='word_1_196' title='bbox 130 1536 381 1584; x_wconf 87' lang='lat' dir='ltr'>ficationem,</span> <span class='ocrx_word' id='word_1_197' title='bbox 404 1544 448 1574; x_wconf 90' lang='lat' dir='ltr'>ut</span> <span class='ocrx_word' id='word_1_198' title='bbox 471 1536 588 1586; x_wconf 88' lang='lat' dir='ltr'>(Aen.</span> <span class='ocrx_word' id='word_1_199' title='bbox 618 1539 652 1582; x_wconf 90' lang='lat'>1,</span> <span class='ocrx_word' id='word_1_200' title='bbox 677 1536 768 1585; x_wconf 86' lang='lat'>614)</span> <span class='ocrx_word' id='word_1_201' title='bbox 794 1538 801 1552; x_wconf 89' lang='lat'>‘</span> <span class='ocrx_word' id='word_1_202' title='bbox 823 1536 882 1574; x_wconf 86' lang='lat' dir='ltr'>sic</span> <span class='ocrx_word' id='word_1_203' title='bbox 901 1549 973 1574; x_wconf 90' lang='lat' dir='ltr'>ore</span> <span class='ocrx_word' id='word_1_204' title='bbox 994 1537 1165 1585; x_wconf 86' lang='lat' dir='ltr'>loquuta</span> <span class='ocrx_word' id='word_1_205' title='bbox 1186 1538 1285 1583; x_wconf 84' lang='lat' dir='ltr'>est,’</span> <span class='ocrx_word' id='word_1_206' title='bbox 1306 1548 1382 1585; x_wconf 92' lang='lat' dir='ltr'>pro</span> <span class='ocrx_word' id='word_1_207' title='bbox 1401 1537 1461 1574; x_wconf 89' lang='lat' dir='ltr'>sic</span> <span class='ocrx_word' id='word_1_208' title='bbox 1483 1539 1654 1585; x_wconf 89' lang='lat' dir='ltr'>loquuta</span> 
     </span>
     <span class='ocr_line' id='line_1_22' title="bbox 129 1602 1653 1655; baseline -0.002 -13"><span class='ocrx_word' id='word_1_209' title='bbox 129 1611 220 1650; x_wconf 84' lang='lat' dir='ltr'>est;</span> <span class='ocrx_word' id='word_1_210' title='bbox 262 1611 303 1642; x_wconf 90' lang='lat' dir='ltr'>et</span> <span class='ocrx_word' id='word_1_211' title='bbox 332 1603 451 1655; x_wconf 86' lang='lat' dir='ltr'>(GeO.</span> <span class='ocrx_word' id='word_1_212' title='bbox 486 1605 522 1651; x_wconf 78' lang='lat'>⁴2,</span> <span class='ocrx_word' id='word_1_213' title='bbox 559 1603 594 1650; x_wconf 93' lang='lat' dir='ltr'>l)</span> <span class='ocrx_word' id='word_1_214' title='bbox 627 1604 859 1641; x_wconf 89' lang='lat' dir='ltr'>‘hactenus</span> <span class='ocrx_word' id='word_1_215' title='bbox 888 1616 1084 1642; x_wconf 81' lang='lat' dir='ltr'>arvorum</span> <span class='ocrx_word' id='word_1_216' title='bbox 1112 1603 1250 1641; x_wconf 85' lang='lat' dir='ltr'>cultus</span> <span class='ocrx_word' id='word_1_217' title='bbox 1279 1609 1318 1641; x_wconf 93' lang='lat' dir='ltr'>et</span> <span class='ocrx_word' id='word_1_218' title='bbox 1351 1602 1487 1641; x_wconf 81' lang='lat' dir='ltr'>sidera</span> <span class='ocrx_word' id='word_1_219' title='bbox 1515 1602 1653 1649; x_wconf 89' lang='lat' dir='ltr'>caeli,‘</span> 
     </span>
     <span class='ocr_line' id='line_1_23' title="bbox 130 1668 1651 1719; baseline -0.001 -10"><span class='ocrx_word' id='word_1_220' title='bbox 130 1673 228 1710; x_wconf 89' lang='lat' dir='ltr'>dum</span> <span class='ocrx_word' id='word_1_221' title='bbox 261 1684 342 1710; x_wconf 89' lang='lat' dir='ltr'>non</span> <span class='ocrx_word' id='word_1_222' title='bbox 376 1671 471 1709; x_wconf 87' lang='lat' dir='ltr'>alibi</span> <span class='ocrx_word' id='word_1_223' title='bbox 504 1670 582 1709; x_wconf 89' lang='lat' dir='ltr'>nisi</span> <span class='ocrx_word' id='word_1_224' title='bbox 616 1671 655 1708; x_wconf 89' lang='lat' dir='ltr'>in</span> <span class='ocrx_word' id='word_1_225' title='bbox 688 1671 805 1709; x_wconf 90' lang='lat' dir='ltr'>caelo</span> <span class='ocrx_word' id='word_1_226' title='bbox 836 1671 918 1709; x_wconf 89' lang='lat' dir='ltr'>sint</span> <span class='ocrx_word' id='word_1_227' title='bbox 952 1670 1100 1709; x_wconf 88' lang='lat' dir='ltr'>sidera.</span> <span class='ocrx_word' id='word_1_228' title='bbox 1168 1670 1219 1708; x_wconf 83' lang='lat' dir='ltr'>Et</span> <span class='ocrx_word' id='word_1_229' title='bbox 1254 1671 1292 1708; x_wconf 87' lang='lat' dir='ltr'>in</span> <span class='ocrx_word' id='word_1_230' title='bbox 1327 1669 1453 1708; x_wconf 84' lang='lat' dir='ltr'>Esaia</span> <span class='ocrx_word' id='word_1_231' title='bbox 1487 1668 1569 1719; x_wconf 84' lang='lat'>(30,</span> <span class='ocrx_word' id='word_1_232' title='bbox 1606 1670 1651 1707; x_wconf 91' lang='grc'>21</span> 
     </span>
     <span class='ocr_line' id='line_1_24' title="bbox 133 1731 1650 1788; baseline -0.002 -12"><span class='ocrx_word' id='word_1_233' title='bbox 133 1738 272 1788; x_wconf 84' lang='lat' dir='ltr'>Ital.?)</span> <span class='ocrx_word' id='word_1_234' title='bbox 311 1741 440 1777; x_wconf 85' lang='lat' dir='ltr'>‘aure</span> <span class='ocrx_word' id='word_1_235' title='bbox 476 1738 687 1784; x_wconf 87' lang='lat' dir='ltr'>audietis‚’</span> <span class='ocrx_word' id='word_1_236' title='bbox 727 1740 824 1777; x_wconf 93' lang='lat' dir='ltr'>dum</span> <span class='ocrx_word' id='word_1_237' title='bbox 863 1751 943 1776; x_wconf 89' lang='lat' dir='ltr'>non</span> <span class='ocrx_word' id='word_1_238' title='bbox 981 1750 1206 1788; x_wconf 85' lang='lat' dir='ltr'>possumus</span> <span class='ocrx_word' id='word_1_239' title='bbox 1244 1737 1321 1775; x_wconf 90' lang='lat' dir='ltr'>nisi</span> <span class='ocrx_word' id='word_1_240' title='bbox 1359 1731 1458 1775; x_wconf 81' lang='lat' dir='ltr'>aure</span> <span class='ocrx_word' id='word_1_241' title='bbox 1494 1737 1650 1775; x_wconf 91' lang='lat' dir='ltr'>audire.</span> 
     </span>
     <span class='ocr_line' id='line_1_25' title="bbox 133 1802 1652 1856; baseline -0.002 -13"><span class='ocrx_word' id='word_1_242' title='bbox 133 1806 185 1843; x_wconf 87' lang='lat' dir='ltr'>Et</span> <span class='ocrx_word' id='word_1_243' title='bbox 216 1808 329 1855; x_wconf 84' lang='lat' dir='ltr'>apud</span> <span class='ocrx_word' id='word_1_244' title='bbox 358 1806 555 1843; x_wconf 83' lang='lat' dir='ltr'>Ioannem</span> <span class='ocrx_word' id='word_1_245' title='bbox 587 1804 623 1856; x_wconf 95' lang='lat'>(1</span> <span class='ocrx_word' id='word_1_246' title='bbox 658 1806 733 1854; x_wconf 85' lang='lat' dir='ltr'>Ep.</span> <span class='ocrx_word' id='word_1_247' title='bbox 772 1808 806 1852; x_wconf 90' lang='lat' dir='ltr'>l,</span> <span class='ocrx_word' id='word_1_248' title='bbox 842 1805 878 1855; x_wconf 93' lang='lat'>1)</span> <span class='ocrx_word' id='word_1_249' title='bbox 911 1807 919 1821; x_wconf 84' lang='lat'>‘</span> <span class='ocrx_word' id='word_1_250' title='bbox 940 1817 1063 1855; x_wconf 89' lang='lat' dir='ltr'>quem</span> <span class='ocrx_word' id='word_1_251' title='bbox 1094 1804 1274 1843; x_wconf 87' lang='lat' dir='ltr'>vidimus</span> <span class='ocrx_word' id='word_1_252' title='bbox 1303 1802 1434 1842; x_wconf 90' lang='lat' dir='ltr'>oculis</span> <span class='ocrx_word' id='word_1_253' title='bbox 1464 1803 1652 1843; x_wconf 87' lang='lat' dir='ltr'>nostris.’</span> 
     </span>
     <span class='ocr_line' id='line_1_26' title="bbox 132 1870 1658 1922; baseline -0.001 -12"><span class='ocrx_word' id='word_1_254' title='bbox 132 1873 186 1911; x_wconf 90' lang='lat' dir='ltr'>Et</span> <span class='ocrx_word' id='word_1_255' title='bbox 206 1873 244 1910; x_wconf 89' lang='lat' dir='ltr'>in</span> <span class='ocrx_word' id='word_1_256' title='bbox 267 1874 435 1911; x_wconf 90' lang='lat' dir='ltr'>Psalmo</span> <span class='ocrx_word' id='word_1_257' title='bbox 457 1872 538 1922; x_wconf 82' lang='lat'>(38,</span> <span class='ocrx_word' id='word_1_258' title='bbox 563 1872 600 1922; x_wconf 91' lang='lat'>5)</span> <span class='ocrx_word' id='word_1_259' title='bbox 626 1874 633 1888; x_wconf 90' lang='lat'>‘</span> <span class='ocrx_word' id='word_1_260' title='bbox 653 1873 852 1922; x_wconf 90' lang='lat' dir='ltr'>loquutus</span> <span class='ocrx_word' id='word_1_261' title='bbox 874 1886 965 1911; x_wconf 90' lang='lat' dir='ltr'>sum</span> <span class='ocrx_word' id='word_1_262' title='bbox 987 1872 1026 1910; x_wconf 90' lang='lat' dir='ltr'>in</span> <span class='ocrx_word' id='word_1_263' title='bbox 1049 1871 1191 1922; x_wconf 71' lang='lat' dir='ltr'>lingua</span> <span class='ocrx_word' id='word_1_264' title='bbox 1213 1872 1337 1910; x_wconf 55' lang='lat' dir='ltr'>mea)</span> <span class='ocrx_word' id='word_1_265' title='bbox 1398 1870 1437 1908; x_wconf 75' lang='lat'>4.</span> <span class='ocrx_word' id='word_1_266' title='bbox 1471 1871 1658 1909; x_wconf 89' lang='lat' dir='ltr'>Perisso-</span> 
     </span>
     <span class='ocr_line' id='line_1_27' title="bbox 130 1938 1657 1990; baseline -0.002 -12"><span class='ocrx_word' id='word_1_267' title='bbox 130 1939 245 1990; x_wconf 86' lang='lat' dir='ltr'>logia</span> <span class='ocrx_word' id='word_1_268' title='bbox 275 1946 339 1978; x_wconf 89' lang='lat' dir='ltr'>est</span> <span class='ocrx_word' id='word_1_269' title='bbox 370 1953 629 1989; x_wconf 85' lang='lat' dir='ltr'>supervacua</span> <span class='ocrx_word' id='word_1_270' title='bbox 661 1941 882 1977; x_wconf 88' lang='lat' dir='ltr'>verborum</span> <span class='ocrx_word' id='word_1_271' title='bbox 913 1938 1092 1977; x_wconf 89' lang='lat' dir='ltr'>adiectio</span> <span class='ocrx_word' id='word_1_272' title='bbox 1123 1938 1212 1978; x_wconf 82' lang='lat' dir='ltr'>sine</span> <span class='ocrx_word' id='word_1_273' title='bbox 1243 1939 1324 1976; x_wconf 87' lang='lat' dir='ltr'>ulla</span> <span class='ocrx_word' id='word_1_274' title='bbox 1353 1939 1394 1978; x_wconf 92' lang='lat' dir='ltr'>vi</span> <span class='ocrx_word' id='word_1_275' title='bbox 1425 1951 1576 1985; x_wconf 89' lang='lat' dir='ltr'>rerum,</span> <span class='ocrx_word' id='word_1_276' title='bbox 1613 1944 1657 1976; x_wconf 91' lang='lat' dir='ltr'>ut</span> 
     </span>
     <span class='ocr_line' id='line_1_28' title="bbox 135 2005 1653 2056; baseline -0.001 -13"><span class='ocrx_word' id='word_1_277' title='bbox 135 2006 280 2045; x_wconf 88' lang='lat' dir='ltr'>‘ibant</span> <span class='ocrx_word' id='word_1_278' title='bbox 324 2019 406 2055; x_wconf 87' lang='lat' dir='ltr'>qua</span> <span class='ocrx_word' id='word_1_279' title='bbox 452 2013 660 2056; x_wconf 87' lang='lat' dir='ltr'>poterant,</span> <span class='ocrx_word' id='word_1_280' title='bbox 710 2019 795 2055; x_wconf 89' lang='lat' dir='ltr'>qua</span> <span class='ocrx_word' id='word_1_281' title='bbox 839 2019 920 2044; x_wconf 90' lang='lat' dir='ltr'>non</span> <span class='ocrx_word' id='word_1_282' title='bbox 967 2012 1163 2056; x_wconf 87' lang='lat' dir='ltr'>poterant</span> <span class='ocrx_word' id='word_1_283' title='bbox 1208 2019 1290 2044; x_wconf 83' lang='lat' dir='ltr'>non</span> <span class='ocrx_word' id='word_1_284' title='bbox 1338 2005 1486 2044; x_wconf 82' lang='lat' dir='ltr'>ibant.’</span> <span class='ocrx_word' id='word_1_285' title='bbox 1550 2005 1653 2043; x_wconf 88' lang='lat' dir='ltr'>Item</span> 
     </span>
    </p>
   </div>
   <div class='ocr_carea' id='block_1_4' title="bbox 135 2103 1660 2794">
    <p class='ocr_par' dir='ltr' id='par_1_4' title="bbox 135 2103 1660 2794">
     <span class='ocr_line' id='line_1_29' title="bbox 198 2103 1658 2146; baseline -0.001 -10"><span class='ocrx_word' id='word_1_286' title='bbox 198 2103 251 2136; x_wconf 88' lang='grc'>22.</span> <span class='ocrx_word' id='word_1_287' title='bbox 275 2105 453 2136; x_wconf 83' lang='lat' dir='ltr'>schemata</span> <span class='ocrx_word' id='word_1_288' title='bbox 469 2104 507 2135; x_wconf 89' lang='lat' dir='ltr'>L.</span> <span class='ocrx_word' id='word_1_289' title='bbox 563 2105 630 2136; x_wconf 85' lang='lat'>111.</span> <span class='ocrx_word' id='word_1_290' title='bbox 666 2105 802 2136; x_wconf 74' lang='lat' dir='ltr'>Accedit</span> <span class='ocrx_word' id='word_1_291' title='bbox 818 2104 857 2136; x_wconf 85' lang='lat' dir='ltr'>E.</span> <span class='ocrx_word' id='word_1_292' title='bbox 900 2104 930 2138; x_wconf 92' lang='grc'>1.</span> <span class='ocrx_word' id='word_1_293' title='bbox 955 2115 1008 2146; x_wconf 90' lang='lat' dir='ltr'>po.</span> <span class='ocrx_word' id='word_1_294' title='bbox 1026 2115 1191 2136; x_wconf 88' lang='lat' dir='ltr'>renovare</span> <span class='ocrx_word' id='word_1_295' title='bbox 1204 2106 1258 2137; x_wconf 91' lang='lat' dir='ltr'>do.</span> <span class='ocrx_word' id='word_1_296' title='bbox 1276 2104 1313 2137; x_wconf 89' lang='lat' dir='ltr'>F.</span> <span class='ocrx_word' id='word_1_297' title='bbox 1347 2105 1429 2136; x_wconf 87' lang='lat' dir='ltr'>dicit</span> <span class='ocrx_word' id='word_1_298' title='bbox 1445 2104 1482 2136; x_wconf 88' lang='lat' dir='ltr'>L.</span> <span class='ocrx_word' id='word_1_299' title='bbox 1518 2104 1658 2136; x_wconf 83' lang='lat' dir='ltr'>domIno</span> 
     </span>
     <span class='ocr_line' id='line_1_30' title="bbox 136 2158 1658 2200; baseline 0 -11"><span class='ocrx_word' id='word_1_300' title='bbox 136 2158 188 2189; x_wconf 83' lang='lat' dir='ltr'>Gl.</span> <span class='ocrx_word' id='word_1_301' title='bbox 237 2169 286 2200; x_wconf 87' lang='lat' dir='ltr'>sp.</span> <span class='ocrx_word' id='word_1_302' title='bbox 314 2160 367 2190; x_wconf 91' lang='lat' dir='ltr'>bo.</span> <span class='ocrx_word' id='word_1_303' title='bbox 394 2169 573 2199; x_wconf 87' lang='lat' dir='ltr'>speramus</span> <span class='ocrx_word' id='word_1_304' title='bbox 597 2159 651 2190; x_wconf 90' lang='lat' dir='ltr'>ad.</span> <span class='ocrx_word' id='word_1_305' title='bbox 681 2158 718 2190; x_wconf 88' lang='lat' dir='ltr'>L.</span> <span class='ocrx_word' id='word_1_306' title='bbox 766 2160 984 2199; x_wconf 85' lang='lat' dir='ltr'>gramineum</span> <span class='ocrx_word' id='word_1_307' title='bbox 1011 2160 1043 2190; x_wconf 88' lang='lat' dir='ltr'>in</span> <span class='ocrx_word' id='word_1_308' title='bbox 1067 2170 1229 2200; x_wconf 89' lang='lat' dir='ltr'>campum</span> <span class='ocrx_word' id='word_1_309' title='bbox 1256 2159 1355 2199; x_wconf 78' lang='lat' dir='ltr'>Verg.</span> <span class='ocrx_word' id='word_1_310' title='bbox 1405 2169 1546 2190; x_wconf 88' lang='lat' dir='ltr'>nemora</span> <span class='ocrx_word' id='word_1_311' title='bbox 1571 2159 1658 2189; x_wconf 88' lang='lat' dir='ltr'>inter</span> 
     </span>
     <span class='ocr_line' id='line_1_31' title="bbox 135 2211 1656 2254; baseline -0.001 -10"><span class='ocrx_word' id='word_1_312' title='bbox 135 2213 276 2244; x_wconf 75' lang='lat' dir='ltr'>frondea</span> <span class='ocrx_word' id='word_1_313' title='bbox 297 2212 394 2253; x_wconf 81' lang='lat' dir='ltr'>Verg.</span> <span class='ocrx_word' id='word_1_314' title='bbox 440 2211 471 2244; x_wconf 88' lang='lat'>2.</span> <span class='ocrx_word' id='word_1_315' title='bbox 497 2213 711 2253; x_wconf 83' lang='lat' dir='ltr'>inconposita</span> <span class='ocrx_word' id='word_1_316' title='bbox 724 2214 828 2245; x_wconf 85' lang='lat' dir='ltr'>dictio</span> <span class='ocrx_word' id='word_1_317' title='bbox 844 2213 896 2244; x_wconf 84' lang='lat' dir='ltr'>Gl.</span> <span class='ocrx_word' id='word_1_318' title='bbox 913 2213 970 2252; x_wconf 83' lang='lat' dir='ltr'>(cf.</span> <span class='ocrx_word' id='word_1_319' title='bbox 988 2214 1104 2254; x_wconf 85' lang='lat' dir='ltr'>infra).</span> <span class='ocrx_word' id='word_1_320' title='bbox 1147 2214 1236 2244; x_wconf 90' lang='lat' dir='ltr'>irato</span> <span class='ocrx_word' id='word_1_321' title='bbox 1249 2214 1380 2253; x_wconf 89' lang='lat' dir='ltr'>(iurato</span> <span class='ocrx_word' id='word_1_322' title='bbox 1392 2212 1432 2254; x_wconf 84' lang='lat' dir='ltr'>F)</span> <span class='ocrx_word' id='word_1_323' title='bbox 1446 2213 1546 2244; x_wconf 92' lang='lat' dir='ltr'>corde</span> <span class='ocrx_word' id='word_1_324' title='bbox 1560 2212 1656 2243; x_wconf 85' lang='lat' dir='ltr'>codd.</span> 
     </span>
     <span class='ocr_line' id='line_1_32' title="bbox 135 2266 1656 2308; baseline 0 -11"><span class='ocrx_word' id='word_1_325' title='bbox 135 2267 287 2298; x_wconf 87' lang='lat' dir='ltr'>residunt</span> <span class='ocrx_word' id='word_1_326' title='bbox 308 2266 405 2306; x_wconf 75' lang='lat' dir='ltr'>Verg.</span> <span class='ocrx_word' id='word_1_327' title='bbox 453 2266 461 2279; x_wconf 80' lang='lat'>⁸</span> <span class='ocrx_word' id='word_1_328' title='bbox 482 2267 610 2298; x_wconf 85' lang='lat' dir='ltr'>Isidore</span> <span class='ocrx_word' id='word_1_329' title='bbox 627 2267 634 2279; x_wconf 88' lang='lat'><em>&#39;</em></span> <span class='ocrx_word' id='word_1_330' title='bbox 649 2267 778 2308; x_wconf 72' lang='lat' dir='ltr'>(Etym.</span> <span class='ocrx_word' id='word_1_331' title='bbox 796 2267 827 2304; x_wconf 90' lang='grc'>1,</span> <span class='ocrx_word' id='word_1_332' title='bbox 843 2267 899 2304; x_wconf 88' lang='grc'>34,</span> <span class='ocrx_word' id='word_1_333' title='bbox 915 2267 962 2307; x_wconf 85' lang='grc'>5),</span> <span class='ocrx_word' id='word_1_334' title='bbox 980 2275 1036 2298; x_wconf 86' lang='lat' dir='ltr'>not</span> <span class='ocrx_word' id='word_1_335' title='bbox 1052 2267 1167 2308; x_wconf 86' lang='lat' dir='ltr'>seeing</span> <span class='ocrx_word' id='word_1_336' title='bbox 1182 2268 1239 2298; x_wconf 89' lang='lat' dir='ltr'>the</span> <span class='ocrx_word' id='word_1_337' title='bbox 1253 2272 1328 2298; x_wconf 82' lang='lat' dir='ltr'>true</span> <span class='ocrx_word' id='word_1_338' title='bbox 1340 2267 1510 2307; x_wconf 86' lang='lat' dir='ltr'>objection</span> <span class='ocrx_word' id='word_1_339' title='bbox 1526 2273 1560 2297; x_wconf 90' lang='lat' dir='ltr'>to</span> <span class='ocrx_word' id='word_1_340' title='bbox 1574 2267 1656 2297; x_wconf 85' lang='lat' dir='ltr'>Aen.</span> 
     </span>
     <span class='ocr_line' id='line_1_33' title="bbox 135 2320 1658 2362; baseline -0.001 -9"><span class='ocrx_word' id='word_1_341' title='bbox 135 2320 168 2358; x_wconf 85' lang='lat'>2,</span> <span class='ocrx_word' id='word_1_342' title='bbox 188 2320 244 2359; x_wconf 79' lang='lat'>27,</span> <span class='ocrx_word' id='word_1_343' title='bbox 267 2322 434 2352; x_wconf 80' lang='lat' dir='ltr'>mistakes</span> <span class='ocrx_word' id='word_1_344' title='bbox 456 2321 629 2352; x_wconf 82' lang='lat' dir='ltr'>Donatus&#39;</span> <span class='ocrx_word' id='word_1_345' title='bbox 648 2322 681 2351; x_wconf 83' lang='lat' dir='ltr'>in</span> <span class='ocrx_word' id='word_1_346' title='bbox 703 2323 891 2362; x_wconf 78' lang='lat' dir='ltr'>composita</span> <span class='ocrx_word' id='word_1_347' title='bbox 912 2322 963 2352; x_wconf 80' lang='lat' dir='ltr'>for</span> <span class='ocrx_word' id='word_1_348' title='bbox 982 2322 1223 2362; x_wconf 74' lang='lat' dir='ltr'>incomposita,</span> <span class='ocrx_word' id='word_1_349' title='bbox 1246 2332 1265 2352; x_wconf 92' lang='lat' dir='ltr'>a</span> <span class='ocrx_word' id='word_1_350' title='bbox 1286 2322 1435 2352; x_wconf 90' lang='lat' dir='ltr'>mistake</span> <span class='ocrx_word' id='word_1_351' title='bbox 1455 2322 1528 2352; x_wconf 89' lang='lat' dir='ltr'>into</span> <span class='ocrx_word' id='word_1_352' title='bbox 1547 2320 1658 2352; x_wconf 86' lang='lat' dir='ltr'>which</span> 
     </span>
     <span class='ocr_line' id='line_1_34' title="bbox 135 2375 1655 2416; baseline -0.001 -10"><span class='ocrx_word' id='word_1_353' title='bbox 135 2375 251 2414; x_wconf 85' lang='lat' dir='ltr'>Julian</span> <span class='ocrx_word' id='word_1_354' title='bbox 274 2375 351 2406; x_wconf 77' lang='lat' dir='ltr'>falls</span> <span class='ocrx_word' id='word_1_355' title='bbox 371 2383 406 2406; x_wconf 87' lang='lat' dir='ltr'>at</span> <span class='ocrx_word' id='word_1_356' title='bbox 428 2376 484 2406; x_wconf 89' lang='lat' dir='ltr'>the</span> <span class='ocrx_word' id='word_1_357' title='bbox 505 2376 569 2406; x_wconf 85' lang='lat' dir='ltr'>end</span> <span class='ocrx_word' id='word_1_358' title='bbox 591 2376 663 2414; x_wconf 91' lang='lat' dir='ltr'>(not</span> <span class='ocrx_word' id='word_1_359' title='bbox 687 2376 742 2406; x_wconf 92' lang='lat' dir='ltr'>the</span> <span class='ocrx_word' id='word_1_360' title='bbox 765 2376 965 2416; x_wconf 83' lang='lat' dir='ltr'>beginning)</span> <span class='ocrx_word' id='word_1_361' title='bbox 986 2376 1022 2406; x_wconf 83' lang='lat' dir='ltr'>of</span> <span class='ocrx_word' id='word_1_362' title='bbox 1042 2376 1098 2408; x_wconf 90' lang='lat' dir='ltr'>the</span> <span class='ocrx_word' id='word_1_363' title='bbox 1117 2376 1324 2416; x_wconf 80' lang='lat' dir='ltr'>paragraph.</span> <span class='ocrx_word' id='word_1_364' title='bbox 1371 2376 1452 2406; x_wconf 82' lang='lat' dir='ltr'>item</span> <span class='ocrx_word' id='word_1_365' title='bbox 1475 2375 1655 2406; x_wconf 86' lang='lat' dir='ltr'>his—Ach.</span> 
     </span>
     <span class='ocr_line' id='line_1_35' title="bbox 137 2428 1660 2470; baseline -0.001 -10"><span class='ocrx_word' id='word_1_366' title='bbox 137 2439 203 2460; x_wconf 89' lang='lat' dir='ltr'>om.</span> <span class='ocrx_word' id='word_1_367' title='bbox 222 2428 260 2460; x_wconf 92' lang='lat' dir='ltr'>L.</span> <span class='ocrx_word' id='word_1_368' title='bbox 296 2429 395 2460; x_wconf 89' lang='lat' dir='ltr'>dictis</span> <span class='ocrx_word' id='word_1_369' title='bbox 411 2439 477 2459; x_wconf 86' lang='lat' dir='ltr'>om.</span> <span class='ocrx_word' id='word_1_370' title='bbox 496 2429 554 2460; x_wconf 79' lang='lat' dir='ltr'>EF</span> <span class='ocrx_word' id='word_1_371' title='bbox 568 2431 649 2469; x_wconf 86' lang='lat' dir='ltr'>(non</span> <span class='ocrx_word' id='word_1_372' title='bbox 666 2429 748 2470; x_wconf 67' lang='lat' dir='ltr'>GL).</span> <span class='ocrx_word' id='word_1_373' title='bbox 785 2428 816 2461; x_wconf 89' lang='grc'>3.</span> <span class='ocrx_word' id='word_1_374' title='bbox 837 2437 887 2461; x_wconf 89' lang='lat' dir='ltr'>est</span> <span class='ocrx_word' id='word_1_375' title='bbox 903 2435 939 2460; x_wconf 89' lang='lat' dir='ltr'>ut</span> <span class='ocrx_word' id='word_1_376' title='bbox 953 2430 1043 2460; x_wconf 91' lang='lat' dir='ltr'>hact.</span> <span class='ocrx_word' id='word_1_377' title='bbox 1062 2429 1099 2460; x_wconf 84' lang='lat' dir='ltr'>E.</span> <span class='ocrx_word' id='word_1_378' title='bbox 1134 2430 1226 2460; x_wconf 89' lang='lat' dir='ltr'>dum.</span> <span class='ocrx_word' id='word_1_379' title='bbox 1245 2430 1288 2460; x_wconf 90' lang='lat' dir='ltr'>al.</span> <span class='ocrx_word' id='word_1_380' title='bbox 1305 2431 1387 2469; x_wconf 88' lang='lat' dir='ltr'>(om.</span> <span class='ocrx_word' id='word_1_381' title='bbox 1404 2430 1486 2470; x_wconf 92' lang='lat' dir='ltr'>non)</span> <span class='ocrx_word' id='word_1_382' title='bbox 1502 2429 1538 2460; x_wconf 81' lang='lat' dir='ltr'>L.</span> <span class='ocrx_word' id='word_1_383' title='bbox 1577 2428 1660 2469; x_wconf 87' lang='lat' dir='ltr'>sint]</span> 
     </span>
     <span class='ocr_line' id='line_1_36' title="bbox 137 2483 1658 2524; baseline 0 -11"><span class='ocrx_word' id='word_1_384' title='bbox 137 2484 241 2514; x_wconf 85' lang='lat' dir='ltr'>sunt?</span> <span class='ocrx_word' id='word_1_385' title='bbox 286 2493 351 2515; x_wconf 88' lang='lat' dir='ltr'>non</span> <span class='ocrx_word' id='word_1_386' title='bbox 378 2484 442 2514; x_wconf 81' lang='lat' dir='ltr'>nisi</span> <span class='ocrx_word' id='word_1_387' title='bbox 467 2494 550 2514; x_wconf 83' lang='lat' dir='ltr'>aure</span> <span class='ocrx_word' id='word_1_388' title='bbox 571 2493 755 2524; x_wconf 88' lang='lat' dir='ltr'>possumus</span> <span class='ocrx_word' id='word_1_389' title='bbox 782 2484 806 2514; x_wconf 84' lang='lat' dir='ltr'>L</span> <span class='ocrx_word' id='word_1_390' title='bbox 830 2485 910 2521; x_wconf 84' lang='lat' dir='ltr'>(non</span> <span class='ocrx_word' id='word_1_391' title='bbox 937 2483 1018 2523; x_wconf 65' lang='lat' dir='ltr'>GL).</span> <span class='ocrx_word' id='word_1_392' title='bbox 1066 2490 1099 2515; x_wconf 91' lang='lat' dir='ltr'>et</span> <span class='ocrx_word' id='word_1_393' title='bbox 1124 2484 1156 2514; x_wconf 89' lang='lat' dir='ltr'>in</span> <span class='ocrx_word' id='word_1_394' title='bbox 1184 2484 1364 2514; x_wconf 87' lang='lat' dir='ltr'>Ps.—mea</span> <span class='ocrx_word' id='word_1_395' title='bbox 1389 2493 1456 2514; x_wconf 87' lang='lat' dir='ltr'>om.</span> <span class='ocrx_word' id='word_1_396' title='bbox 1486 2483 1523 2514; x_wconf 80' lang='lat' dir='ltr'>L.</span> <span class='ocrx_word' id='word_1_397' title='bbox 1569 2489 1602 2514; x_wconf 89' lang='lat' dir='ltr'>et</span> <span class='ocrx_word' id='word_1_398' title='bbox 1626 2484 1658 2514; x_wconf 89' lang='lat' dir='ltr'>in</span> 
     </span>
     <span class='ocr_line' id='line_1_37' title="bbox 137 2536 1660 2578; baseline 0 -11"><span class='ocrx_word' id='word_1_399' title='bbox 137 2537 247 2568; x_wconf 83' lang='lat' dir='ltr'>David</span> <span class='ocrx_word' id='word_1_400' title='bbox 270 2537 306 2568; x_wconf 90' lang='lat' dir='ltr'>F.</span> <span class='ocrx_word' id='word_1_401' title='bbox 355 2536 386 2568; x_wconf 82' lang='grc'>4.</span> <span class='ocrx_word' id='word_1_402' title='bbox 413 2537 487 2568; x_wconf 88' lang='lat' dir='ltr'>The</span> <span class='ocrx_word' id='word_1_403' title='bbox 508 2538 581 2569; x_wconf 84' lang='lat' dir='ltr'>first</span> <span class='ocrx_word' id='word_1_404' title='bbox 602 2538 770 2578; x_wconf 78' lang='lat' dir='ltr'>example,</span> <span class='ocrx_word' id='word_1_405' title='bbox 794 2548 812 2568; x_wconf 93' lang='lat' dir='ltr'>a</span> <span class='ocrx_word' id='word_1_406' title='bbox 832 2538 1104 2578; x_wconf 80' lang='lat' dir='ltr'>stock—example</span> <span class='ocrx_word' id='word_1_407' title='bbox 1126 2538 1159 2568; x_wconf 85' lang='lat' dir='ltr'>in</span> <span class='ocrx_word' id='word_1_408' title='bbox 1182 2538 1238 2569; x_wconf 91' lang='lat' dir='ltr'>the</span> <span class='ocrx_word' id='word_1_409' title='bbox 1261 2537 1538 2574; x_wconf 87' lang='lat' dir='ltr'>Grammarians,</span> <span class='ocrx_word' id='word_1_410' title='bbox 1562 2537 1660 2568; x_wconf 87' lang='lat' dir='ltr'>looks</span> 
     </span>
     <span class='ocr_line' id='line_1_38' title="bbox 137 2591 1660 2632; baseline -0.001 -11"><span class='ocrx_word' id='word_1_411' title='bbox 137 2591 205 2622; x_wconf 84' lang='lat' dir='ltr'>like</span> <span class='ocrx_word' id='word_1_412' title='bbox 242 2601 306 2622; x_wconf 89' lang='lat' dir='ltr'>one</span> <span class='ocrx_word' id='word_1_413' title='bbox 345 2592 380 2622; x_wconf 80' lang='lat' dir='ltr'>os</span> <span class='ocrx_word' id='word_1_414' title='bbox 421 2592 587 2623; x_wconf 88' lang='lat' dir='ltr'>Lucilius&#39;</span> <span class='ocrx_word' id='word_1_415' title='bbox 627 2592 787 2631; x_wconf 74' lang='lat' dir='ltr'>(dactylic</span> <span class='ocrx_word' id='word_1_416' title='bbox 825 2592 1038 2632; x_wconf 86' lang='lat' dir='ltr'>hexameter)</span> <span class='ocrx_word' id='word_1_417' title='bbox 1080 2592 1222 2622; x_wconf 84' lang='lat' dir='ltr'>fanciful</span> <span class='ocrx_word' id='word_1_418' title='bbox 1265 2592 1491 2623; x_wconf 86' lang='lat' dir='ltr'>illustrations</span> <span class='ocrx_word' id='word_1_419' title='bbox 1529 2591 1567 2622; x_wconf 79' lang='lat' dir='ltr'>of</span> <span class='ocrx_word' id='word_1_420' title='bbox 1604 2591 1660 2622; x_wconf 77' lang='lat' dir='ltr'>the</span> 
     </span>
     <span class='ocr_line' id='line_1_39' title="bbox 135 2644 1659 2691; baseline 0 -16"><span class='ocrx_word' id='word_1_421' title='bbox 135 2644 386 2677; x_wconf 86' lang='lat' dir='ltr'>‘soloecisrnon</span> <span class='ocrx_word' id='word_1_422' title='bbox 415 2653 542 2686; x_wconf 85' lang='lat' dir='ltr'>genera</span> <span class='ocrx_word' id='word_1_423' title='bbox 573 2652 676 2686; x_wconf 85' lang='lat' dir='ltr'>atque</span> <span class='ocrx_word' id='word_1_424' title='bbox 706 2646 872 2676; x_wconf 81' lang='lat' dir='ltr'>vocabula</span> <span class='ocrx_word' id='word_1_425' title='bbox 903 2645 1069 2682; x_wconf 83' lang='lat' dir='ltr'>centum‚&#39;</span> <span class='ocrx_word' id='word_1_426' title='bbox 1100 2646 1304 2676; x_wconf 82' lang='lat' dir='ltr'>mock-lines</span> <span class='ocrx_word' id='word_1_427' title='bbox 1337 2646 1446 2691; x_wconf 85' lang='lat' dir='ltr'>which</span> <span class='ocrx_word' id='word_1_428' title='bbox 1478 2655 1536 2676; x_wconf 90' lang='lat' dir='ltr'>are</span> <span class='ocrx_word' id='word_1_429' title='bbox 1566 2645 1659 2676; x_wconf 78' lang='lat' dir='ltr'>often</span> 
     </span>
     <span class='ocr_line' id='line_1_40' title="bbox 140 2698 1659 2740; baseline -0.001 -11"><span class='ocrx_word' id='word_1_430' title='bbox 140 2698 294 2730; x_wconf 79' lang='lat' dir='ltr'>fathered</span> <span class='ocrx_word' id='word_1_431' title='bbox 322 2709 364 2730; x_wconf 90' lang='lat' dir='ltr'>on</span> <span class='ocrx_word' id='word_1_432' title='bbox 395 2699 537 2730; x_wconf 88' lang='lat' dir='ltr'>Ennius.</span> <span class='ocrx_word' id='word_1_433' title='bbox 590 2700 663 2730; x_wconf 80' lang='lat' dir='ltr'>And</span> <span class='ocrx_word' id='word_1_434' title='bbox 692 2700 745 2730; x_wconf 90' lang='lat' dir='ltr'>his</span> <span class='ocrx_word' id='word_1_435' title='bbox 772 2700 929 2740; x_wconf 89' lang='lat' dir='ltr'>parodies</span> <span class='ocrx_word' id='word_1_436' title='bbox 953 2699 989 2730; x_wconf 77' lang='lat' dir='ltr'>of</span> <span class='ocrx_word' id='word_1_437' title='bbox 1016 2699 1147 2730; x_wconf 87' lang='lat' dir='ltr'>Ennius</span> <span class='ocrx_word' id='word_1_438' title='bbox 1175 2699 1197 2738; x_wconf 79' lang='lat'>(⁶</span> <span class='ocrx_word' id='word_1_439' title='bbox 1216 2709 1282 2730; x_wconf 89' lang='lat' dir='ltr'>non</span> <span class='ocrx_word' id='word_1_440' title='bbox 1311 2699 1395 2730; x_wconf 88' lang='lat' dir='ltr'>ridet</span> <span class='ocrx_word' id='word_1_441' title='bbox 1425 2709 1542 2730; x_wconf 89' lang='lat' dir='ltr'>versus</span> <span class='ocrx_word' id='word_1_442' title='bbox 1572 2698 1659 2729; x_wconf 87' lang='lat' dir='ltr'>Enni</span> 
     </span>
     <span class='ocr_line' id='line_1_41' title="bbox 136 2752 1660 2794; baseline 0.001 -13"><span class='ocrx_word' id='word_1_443' title='bbox 136 2753 307 2793; x_wconf 81' lang='lat' dir='ltr'>gravitate</span> <span class='ocrx_word' id='word_1_444' title='bbox 337 2753 562 2792; x_wconf 76' lang='lat' dir='ltr'>minores?&#39;),</span> <span class='ocrx_word' id='word_1_445' title='bbox 595 2760 630 2784; x_wconf 89' lang='lat' dir='ltr'>at</span> <span class='ocrx_word' id='word_1_446' title='bbox 662 2754 745 2784; x_wconf 81' lang='lat' dir='ltr'>least</span> <span class='ocrx_word' id='word_1_447' title='bbox 777 2763 871 2784; x_wconf 87' lang='lat' dir='ltr'>some</span> <span class='ocrx_word' id='word_1_448' title='bbox 899 2753 938 2784; x_wconf 83' lang='lat' dir='ltr'>os</span> <span class='ocrx_word' id='word_1_449' title='bbox 968 2754 1072 2791; x_wconf 84' lang='lat' dir='ltr'>them,</span> <span class='ocrx_word' id='word_1_450' title='bbox 1106 2763 1184 2794; x_wconf 89' lang='lat' dir='ltr'>may</span> <span class='ocrx_word' id='word_1_451' title='bbox 1215 2753 1301 2784; x_wconf 88' lang='lat' dir='ltr'>have</span> <span class='ocrx_word' id='word_1_452' title='bbox 1332 2753 1496 2794; x_wconf 88' lang='lat' dir='ltr'>belonged</span> <span class='ocrx_word' id='word_1_453' title='bbox 1529 2759 1563 2784; x_wconf 91' lang='lat' dir='ltr'>to</span> <span class='ocrx_word' id='word_1_454' title='bbox 1594 2752 1660 2784; x_wconf 79' lang='lat' dir='ltr'>this</span> 
     </span>
    </p>
   </div>
  </div>
 </body>
</html>
