1882 3032
185 134 234 171 24
515 149 519 151 ·
744 137 886 186 Julian
913 138 972 187 of·
990 138 1143 175 Toledo

182 259 290 303 trag.
338 254 428 305 358)
473 257 576 293 ‘eos
618 256 756 294 reduci
799 269 924 306 quam
984 255 1170 306 relinquI,
1217 257 1364 296 devehi
1407 271 1531 307 quam
1575 258 1709 297 deseri

181 322 335 360 malui.'
400 323 504 362 Item
534 323 634 373 (Cic.
667 325 759 362 Cat.
794 324 830 373 2,
864 324 898 375 1)
932 324 1075 374 ‘abiit,
1107 325 1328 375 abscessit,
1359 326 1508 375 evasit,
1540 326 1708 377 erupit.'

184 386 250 425 37.
287 389 390 426 Item
417 389 615 438 quotiens
639 391 762 429 medii
788 397 829 429 et
854 392 1054 440 postremi
1081 405 1230 431 versus
1254 393 1532 432 consona-ntia
1557 400 1634 441 est,
1664 401 1709 432 ut

185 456 282 495 illud
311 455 452 507 (Ovid.
485 457 577 494 Am.
613 459 648 504 1,
681 458 717 508 2,
750 458 816 509 40)
849 458 1037 508 ‘plaudit
1066 467 1107 497 et
1134 459 1351 508 appositas
1381 459 1544 509 spargit
1572 461 1610 499 in
1641 472 1712 498 ore

184 524 335 561 rosa,s.'
406 522 472 561 38.
506 525 760 574 Polyptoton
802 532 865 563 est
907 526 1133 564 multitudo·
1171 539 1348 565 casuum
1386 527 1590 566 varietate
1630 527 1713 566 dis-

185 591 329 639 tincta,
371 597 415 629 ut
457 590 576 642 (Aen.
618 593 655 639 4,
699 592 790 643 628)
834 593 983 631 ‘litora
1024 593 1215 633 litoribus
1251 594 1475 644 contraria,
1518 593 1712 633 fiuctibus

185 660 319 696 undas
363 659 567 708 inprecor,
612 673 732 698 arma
772 660 925 707 armis;
981 667 1170 710 pugnent
1214 661 1375 710 ipsique
1419 662 1710 712 nepotesque.'

186 727 290 763 Item
328 725 516 776 (Persius
552 728 588 773 3,
627 727 693 777 84)
731 729 810 765 ‘ex
845 727 970 766 nicilo
1003 728 1172 767 nicilum
1205 732 1256 768 ad
1294 728 1461 768 nicilum
1497 731 1552 768 nil
1587 741 1714 780 posse

186 793 368 832 reverti.’
432 795 540 832 Item*
570 794 739 833 Persius
772 795 827 845 (5,
864 794 929 846 79)
963 797 971 811 ‘
994 797 1127 834 Marci
1160 798 1310 846 Dama,
1345 800 1508 846 papae!
1568 798 1714 834 Marco

186 862 417 910 spondente
456 862 655 899 recusas?
720 864 890 900 Marcus
926 863 1045 912 dixit,
1086 864 1143 901 ita
1179 870 1267 909 est;
1317 864 1512 914 adsigna,
1553 863 1710 910 Marce,

188 929 396 971 tabellas.’
460 929 563 966 Item
590 929 682 967 ‘hic
707 936 805 970 tuus
829 933 977 979 pater?
1022 936 1183 979 patrem
1209 932 1319 969 hunc
1342 933 1558 980 appellas?
1605 944 1714 969 nunc

186 998 258 1037 tib-i
294 998 425 1048 patris
461 1012 611 1036 nomen
647 998 759 1037 venit
795 1000 837 1037 in
869 1001 1112 1038 mentemP’
1177 998 1243 1038 39.
1280 1000 1453 1039 Hirmos
1486 1008 1551 1039 est
1587 1000 1715 1039 series

185 1065 389 1103 orationis
415 1072 603 1104 tenorem
631 1080 750 1105 suum
779 1080 913 1117 usque
937 1071 988 1107 ad
1013 1067 1206 1106 ultimum
1235 1081 1422 1116 servans,
1451 1074 1496 1106 ut
1524 1068 1642 1119 (Aen.
1675 1069 1711 1115 6,

188 1132 279 1183 724)
320 1133 553 1183 ‘principio
587 1135 748 1172 caelum
786 1149 836 1174 ac
873 1142 1006 1172 terras
1042 1148 1297 1185 camposque
1335 1135 1542 1184 liquentes
1579 1138 1717 1174 lucen-

188 1207 356 1250 temque
387 1202 560 1251 globum
595 1203 716 1240 lunae
749 1202 999 1252 Titaniaque
1032 1210 1147 1241 astra
1182 1203 1356 1252 spiritus
1388 1203 1501 1242 intus
1533 1203 1637 1250 alit‚'
1674 1209 1716 1241 et

186 1274 337 1306 cete-ra.
408 1269 513 1306 Item
551 1268 765 1318 Vergilius
803 1268 921 1320 (Aen,
966 1271 1001 1318 1,
1044 1271 1134 1320 159)
1175 1272 1268 1308 ‘est
1305 1271 1344 1308 in
1382 1283 1550 1308 secessu
1588 1270 1719 1319 longo

187 1336 318 1386 locus,
355 1336 491 1373 insula
521 1337 722 1386 portum‚’
757 1343 798 1374 et
832 1337 1001 1386 reliqua.
1069 1337 1148 1375 Hic
1180 1338 1290 1376 enim
1325 1339 1364 1376 in
1394 1338 1568 1387 longum
1601 1336 1717 1375 vadit

188 1416 337 1442 sensus
380 1417 514 1453 usque
557 1405 610 1442 ad
655 1404 768 1442 illum
813 1417 1009 1442 versum:
1072 1404 1345 1453 horrentique
1387 1411 1524 1442 atrum
1570 1417 1718 1443 nemus

190 1470 362 1508 inminet
407 1473 567 1509 umbra.
631 1470 696 1508 40.
731 1472 1042 1522 Polysyndeton
1084 1478 1148 1510 est
1189 1472 1334 1510 multis
1373 1485 1482 1510 nexa
1522 1471 1719 1510 coniunc-

188 1537 372 1576 tionibus
395 1538 534 1585 dictio,
562 1545 606 1577 ut
632 1538 750 1588 (Aen.
781 1539 818 1587 2,
847 1538 938 1589 262)
970 1539 1262 1588 ‘Acamasque
1287 1539 1515 1589 Thoasque
1537 1537 1719 1578 Pelides-

188 1619 268 1656 que
302 1607 637 1655 Neoptolemus,’
670 1613 711 1645 et
741 1612 892 1644 cetera.
958 1607 1066 1644 Item:
1097 1606 1214 1657 (Geo.
1249 1608 1286 1656 3,
1321 1606 1412 1657 344)
1450 1607 1719 1654 ‘tectumque

187 1673 401 1722 laremque
428 1686 628 1722 armaque
655 1674 1010 1722 Amyclaeumque
1036 1674 1214 1712 canem·.’
1273 1675 1378 1712 Item
1407 1674 1525 1724 (Aen.
1558 1673 1596 1723 7,
1628 1673 1718 1723 186)

191 1744 198 1759 ‘
222 1741 464 1791 spiculaque
487 1740 690 1790 clipeique
713 1747 943 1791 ereptaque
966 1747 1103 1780 rostra
1124 1740 1309 1779 carinis!
1366 1743 1418 1779 Et
1442 1743 1639 1780 Lucanus
1661 1740 1717 1792 (7,

191 1808 282 1859 541)
310 1810 317 1824 ‘
339 1809 483 1846 vivant
508 1809 769 1858 Galataeque
792 1808 982 1858 Syrique‚
1011 1809 1286 1858 Cappadoces
1312 1807 1502 1858 Gallique
1526 1806 1722 1846 extremi-

190 1890 272 1926 que*
295 1876 408 1914 orbis
437 1876 615 1914 Hiberi.’
671 1874 737 1913 41.
772 1875 970 1925 Dialyton
996 1879 1061 1915 vel
1087 1876 1321 1925 asyndeton
1349 1884 1414 1914 est
1439 1876 1577 1925 figura
1600 1887 1722 1924 supe-

191 1944 287 1981 riori
320 1943 544 1991 contraria‚
580 1956 728 1983 carens
760 1942 1139 1992 coniunctionibus,
1176 1950 1221 1982 ut
1255 1943 1373 1992 (Aen.
1413 1944 1450 1992 4,
1488 1942 1581 1993 594)
1617 1943 1625 1957 ⁴
1647 1942 1717 1988 ite,

192 2012 297 2049 ferte
323 2011 393 2049 citi
421 2012 626 2057 flammas,
657 2013 755 2049 date
780 2011 875 2059 tela,
908 2010 1106 2061 impellite
1133 2022 1282 2048 remos.
1346 2011 1450 2048 Item
1483 2009 1718 2055 ‘venimus,

190 2079 388 2127 vidimus,
420 2078 607 2128 placuit.’

273 2147 346 2184 VI.
391 2148 466 2184 DE
493 2147 716 2184 TROPIS.
775 2144 812 2182 1.
845 2146 1014 2196 Tropus·
1035 2152 1100 2185 esst
1124 2144 1256 2184 dictio·
1278 2144 1485 2183 translata
1507 2158 1533 2183 a
1554 2142 1722 2195 propria

193 2213 502 2265 significatione
526 2216 578 2252 ad
605 2226 686 2251 non
714 2212 928 2262 propriam
953 2212 1268 2252 similitudinem
1294 2218 1470 2251 ornatus
1496 2210 1724 2249 necessita-

193 2281 300 2319 tisve
321 2294 461 2320 causa.
526 2281 644 2330 Quos
664 2281 732 2319 alii
754 2294 805 2319 ex
828 2282 991 2319 Graeco
1011 2282 1051 2319 in
1074 2281 1270 2319 Latinum
1293 2287 1447 2319 vocant
1468 2277 1724 2328 loquutionis

193 2350 353 2387 modos.
416 2347 456 2386 2.
490 2349 680 2398 Quorum
711 2349 854 2388 omnia
883 2348 1052 2387 nomina
1083 2347 1368 2387 difficillimum
1400 2354 1465 2385 est
1496 2347 1723 2391 adnotare¹;

193 2440 224 2475 1,
254 2440 310 2477 36,
343 2439 410 2478 16).
464 2439 587 2479 eripuit
618 2439 656 2469 E.
707 2438 761 2471 37.
790 2441 859 2470 -det
888 2446 958 2480 -get
986 2465 991 2470 .
1021 2465 1027 2471 .
1055 2451 1116 2471 ora
1148 2440 1248 2470 Ovid.
1302 2438 1355 2472 38.
1384 2440 1465 2470 item
1492 2438 1724 2470 ex—tabellas

193 2505 261 2524 om.
288 2495 314 2524 J,
337 2496 418 2532 (non
443 2494 523 2532 GL).
572 2494 680 2525 nihilo
701 2494 770 2524 EF.
817 2495 957 2525 nicilum
981 2496 1022 2525 ad
1047 2495 1187 2525 nicilum
1211 2494 1261 2524 E:
1299 2494 1367 2524 nih.
1395 2494 1435 2524 ad
1458 2494 1526 2524 nih.
1555 2493 1592 2523 F.
1641 2492 1724 2522 nihil

195 2549 245 2578 E:
286 2559 352 2578 om.
382 2549 417 2578 F.
469 2555 519 2579 est
545 2554 581 2578 ut
607 2549 706 2589 signa
734 2549 760 2578 F
788 2550 869 2588 (non
898 2549 980 2588 GL).
1029 2560 1118 2579 nunc
1147 2549 1173 2578 L
1200 2549 1291 2586 (curn
1317 2548 1412 2579 codd.
1443 2546 1550 2577 Rutil.
1580 2546 1612 2583 1,
1640 2545 1721 2586 lO):

194 2604 256 2633 lwc
281 2604 339 2633 EF
364 2604 415 2633 GI.
465 2602 518 2634 40,
550 2603 780 2633 Polisindeton
807 2604 901 2633 codd.
928 2606 973 2640 (vt
998 2604 1078 2642 GL).
1125 2603 1218 2633 orbis
1242 2613 1308 2632 om,
1334 2602 1392 2631 EF
1417 2602 1469 2631 Gl.
1518 2600 1571 2632 41.
1600 2601 1651 2630 vel
1674 2610 1723 2630 as.

194 2669 261 2687 om.
297 2658 332 2686 If.
388 2658 566 2688 asindeton
600 2658 659 2687 EL
690 2662 735 2694 (vt
768 2657 850 2696 GL).
905 2658 1082 2697 superiora
1112 2657 1149 2687 E.
1207 2657 1420 2695 item—plac.
1453 2666 1520 2685 om.
1556 2655 1592 2685 L.
1647 2664 1721 2684 ven.

195 2713 342 2742 vivimus
365 2712 402 2742 F.
452 2712 489 2742 In
515 2712 589 2742 Lib⁴
615 2712 727 2742 Gloss.
755 2711 823 2742 this
847 2717 1005 2742 sentence
1030 2721 1175 2751 appears
1200 2720 1262 2741 s.V.
1291 2709 1531 2749 Brachylogia.

260 2766 321 2797 Vl.
373 2765 401 2798 1.
429 2767 461 2797 d.
491 2767 560 2797 lata
586 2766 755 2797 translata
783 2765 819 2795 F.
870 2765 942 2805 alii]
970 2766 1024 2796 abi
1053 2765 1090 2795 E.
1143 2766 1176 2796 in
1205 2764 1339 2795 Graeco
1366 2763 1398 2794 in
1427 2763 1573 2793 latinum
1601 2762 1650 2792 F:
1691 2761 1724 2793 in
