1846 3017
684 125 824 174 Julian
854 125 898 174 os
930 125 1082 163 Tuledo
1621 129 1644 167 9

122 241 259 292 capite
285 244 504 282 verborum
530 252 602 282 aut
628 246 695 283 ubi
723 257 817 284 esse
841 246 963 284 debet
989 246 1221 284 detrahitur
1248 255 1320 285 aut
1348 249 1415 287 ubi
1444 261 1536 285 esse
1564 262 1643 286 non

123 311 244 349 debet
279 311 518 361 apponitur,
556 312 614 349 sic
648 312 773 350 etiam
809 321 848 350 et
886 313 925 350 in
961 311 1109 351 mediis
1143 314 1280 351 verbis
1316 315 1385 361 fit;
1434 323 1479 353 ut
1516 316 1645 365 siquis

123 378 233 416 dicat
263 381 270 394 ‘
292 378 487 417 nicilum'
515 391 587 428 per
611 380 646 417 C
670 380 865 427 litteram,
895 393 975 417 non
1001 393 1074 430 per
1100 383 1136 418 H
1163 382 1240 420 hoc
1266 381 1450 421 scribens
1477 384 1538 420 vel
1565 383 1643 421 alia

123 442 284 484 similia.
347 444 412 484 22.
448 447 525 485 Per
562 446 721 484 hiatum
759 447 802 484 fit
838 447 1123 485 barbarismus
1159 447 1353 497 quotiens
1391 449 1428 487 in
1465 462 1646 498 pronun-

123 512 296 551 tiatione
335 512 537 552 scinditur
574 526 723 552 versus
760 521 986 564 antequam
1026 516 1283 564 conpleatur,
1327 515 1412 554 sive
1452 517 1645 566 quotiens

121 580 278 619 vocalis
311 581 495 618 vocalem
531 582 733 631 sequitur,
771 589 814 620 ut
853 583 1032 620 ‘Musae
1068 582 1282 620 Aonides.'
1348 583 1500 621 Hiatus
1536 583 1644 622 enim

122 647 272 686 scissio
304 649 513 696 quaedam
545 649 706 687 dicitur.
766 650 927 698 Quodsi
965 663 1045 687 non
1081 651 1287 699 compleat
1323 651 1416 700 quis
1452 650 1644 689 dictionis

119 714 307 752 ordinem
360 717 432 754 sed
485 715 866 766 subdistinguendo
916 716 1148 754 inordinate
1201 717 1464 766 pronuntiet;
1531 717 1643 755 verbi

120 795 264 831 causa,
291 782 324 821 si
349 785 494 820 volens
518 782 614 832 quis
637 782 772 822 dicere
801 783 1210 832 Hierosolymitanus
1235 784 1345 822 dicat
1374 787 1380 799 ⁴
1406 784 1646 835 Hierosoly-

121 848 254 888 mita-'
303 856 343 888 et
390 857 527 889 taccat
574 850 956 901 subdistinguendo
999 858 1039 889 et
1086 859 1232 900 postea
1277 852 1388 890 dicat
1437 852 1641 897 ¹-tanus,’

120 917 281 956 hiatum
330 917 455 963 facit;
517 924 557 955 et
608 917 776 967 reliquis
825 918 1088 958 sermonibus
1137 917 1324 956 similiter
1373 919 1452 959 hoc
1498 918 1646 956 vitium

121 983 340 1022 invenitur.
402 982 468 1021 23.
502 986 564 1024 Ad
601 986 678 1023 hoe
712 985 857 1024 vitium
892 985 1071 1035 pertinet
1107 987 1140 1024 si
1178 985 1322 1029 <in>
1358 999 1483 1035 prosa
1518 999 1646 1024 enun-

119 1051 276 1090 tientur
327 1047 496 1090 nomina
551 1053 616 1092 illa
671 1066 777 1102 quae
829 1053 1001 1102 antiqua
1055 1053 1333 1092 declinatione
1385 1052 1646 1091 declinantur

121 1119 300 1170 (Ennius
323 1119 428 1157 Ann.
457 1119 521 1169 33)
549 1121 556 1135 ‘
578 1120 697 1158 Albai
724 1119 885 1170 Longai
906 1122 913 1135 ’
939 1120 1126 1159 dativum
1151 1133 1297 1158 casum
1320 1120 1517 1159 habentia
1537 1133 1644 1169 quae

121 1187 160 1225 in
193 1185 481 1237 metaplasmis
514 1187 783 1227 nominantur
815 1187 1030 1235 diaeresis,
1067 1189 1104 1227 id
1139 1195 1202 1226 est
1235 1187 1430 1226 discissio
1461 1187 1644 1238 syllabae

119 1253 242 1294 unius
284 1255 322 1293 in
366 1257 471 1294 duas
516 1256 666 1294 sactae.
742 1253 808 1292 24.
843 1256 921 1294 Per
965 1254 1227 1293 iotacismum
1273 1255 1316 1292 fit
1359 1254 1646 1293 barbarismus

118 1322 313 1371 quotiens
345 1322 383 1360 in
414 1320 499 1360 iota
531 1323 668 1361 littera
697 1322 934 1373 duplicatur
964 1335 1117 1368 sonus;
1162 1329 1207 1360 ut
1240 1322 1426 1367 ‘Troia,'
1465 1321 1640 1368 ‘Maia,'

118 1390 188 1429 ubi
215 1402 358 1428 earum
386 1389 617 1428 litterarum
646 1391 852 1428 intantum
880 1388 998 1428 exilis
1027 1388 1104 1427 erit
1132 1389 1419 1439 pronuntiatio
1444 1397 1488 1428 ut
1517 1403 1642 1428 unum

120 1456 204 1496 iota
234 1470 317 1496 non
347 1458 433 1496 duo
459 1470 610 1496 sonare
640 1457 872 1496 videantur.
935 1455 1001 1495 25.
1036 1457 1115 1496 Per
1145 1457 1444 1495 labdacismum
1478 1457 1522 1494 fit
1552 1458 1645 1495 bar-

119 1524 328 1564 barismus
370 1525 404 1564 si
446 1538 523 1575 pro
562 1538 645 1564 uno
687 1527 721 1563 L
760 1527 844 1564 duo
882 1524 1218 1574 pronuntientur,
1262 1531 1309 1562 ut
1351 1524 1441 1562 Afri
1486 1523 1644 1562 faciunt

120 1591 308 1630 dicentes
348 1591 658 1641 ‘colloquium’
702 1604 779 1641 pro
816 1591 1063 1640 conloqui0;
1103 1593 1167 1629 vel
1207 1591 1403 1640 quotiens
1441 1603 1568 1629 unum
1612 1591 1644 1628 L

119 1658 282 1706 exilius,
315 1660 399 1697 duo
429 1659 587 1709 largius
619 1659 908 1708 proferamus;
953 1659 1064 1707 quod
1096 1664 1242 1697 contra
1274 1665 1352 1705 est,
1386 1671 1482 1696 nam
1514 1669 1641 1696 unum

120 1727 154 1764 L
190 1725 351 1777 largius
386 1727 586 1766 debemus
624 1726 827 1777 proferre,
868 1728 953 1765 duo
989 1732 1129 1764 autem
1169 1724 1316 1764 exilius
1355 1723 1638 1775 pronuntiare.

118 1791 184 1831 26.
217 1793 285 1831 Fit
332 1806 406 1843 per
452 1793 745 1832 motacismum
793 1792 1081 1832 barbarismus
1126 1793 1320 1842 quotiens
1370 1793 1413 1830 M
1462 1791 1643 1830 litteram

118 1860 275 1900 vocalis
311 1860 513 1912 sequitur,
554 1868 599 1900 ut
639 1861 822 1899 ‘bonum
858 1861 1040 1908 aurum,'
1081 1859 1267 1899 ‘iustum
1302 1859 1514 1898 amicum.'
1574 1857 1641 1895 27.

118 1929 200 1967 Per
235 1925 486 1968 conlisiones
525 1929 570 1966 fit
607 1928 894 1967 barbarismus
933 1926 1127 1978 quotiens
1167 1926 1422 1967 novissimae
1459 1926 1642 1976 syllabae

118 1996 212 2036 finis
241 1996 281 2034 in
309 1996 482 2035 alterius
509 1995 716 2047 principio
742 2003 821 2043 est,
854 2003 899 2034 ut
931 1999 938 2013 ‘
960 2001 1096 2033 mater
1123 1996 1267 2033 terra.'

200 2064 253 2103 11.
313 2066 388 2103 DE
415 2063 760 2103 SOLECISMO.
817 2062 856 2101 1.
889 2062 1147 2102 Solecismus
1168 2068 1232 2102 est
1256 2060 1528 2112 plurimorum
1553 2073 1644 2099 ver-

117 2133 265 2170 borum
293 2132 399 2170 inter
427 2144 474 2171 se
501 2130 796 2170 inconveniens
847 2129 1098 2180 conpositio,
1131 2129 1238 2168 sicut
1265 2129 1551 2168 barbarismus
1578 2135 1643 2167 est

118 2199 240 2239 unius
273 2199 388 2238 verbi
422 2198 648 2248 corruptio.
715 2199 855 2237 Verba
888 2197 998 2236 enirn
1033 2211 1114 2236 non
1150 2203 1263 2236 recta
1296 2198 1390 2248 lege
1421 2195 1641 2235 coniuncta

81 2252 88 2258 .
121 2266 367 2305 solecismus
395 2273 474 2312 est,
507 2274 552 2305 ut
581 2265 712 2315 siquis
741 2266 853 2304 dicat
881 2265 1017 2304 ‘inter
1043 2263 1196 2311 nobis,’
1229 2277 1307 2314 pro
1334 2263 1441 2302 inter
1469 2276 1570 2309 nos;
1599 2269 1641 2301 et

116 2365 347 2397 contribution
369 2366 421 2404 (or
441 2366 493 2397 his
515 2365 708 2405 teacher's).
755 2364 808 2397 22.
836 2376 892 2406 qu.
917 2376 962 2397 sc.
988 2365 1026 2396 L.
1070 2365 1373 2406 gerosolimitanus
1396 2364 1452 2395 Ll.
1497 2369 1530 2395 et
1550 2364 1640 2395 dicat

119 2419 163 2450 H.
193 2419 229 2450 F.
279 2426 313 2451 et
340 2427 404 2451 tac.
434 2426 466 2451 et
494 2421 592 2452 subd.
620 2431 673 2460 ρο.
705 2426 774 2450 tan.
805 2422 886 2452 (om.
914 2420 1020 2460 dicat)
1049 2419 1085 2450 L.
1137 2419 1182 2450 la.
1213 2419 1270 2450 rel.
1300 2430 1364 2449 ser.
1395 2419 1458 2450 hoc
1483 2420 1564 2459 (om.
1593 2423 1638 2453 et.

115 2474 210 2515 sim.)
231 2474 268 2504 F.
313 2475 398 2505 This
419 2475 576 2514 example
597 2475 624 2505 is
644 2475 756 2505 aimed
779 2480 813 2505 at
835 2485 853 2505 a
876 2474 1037 2514 faltering
1060 2474 1177 2504 reader
1199 2473 1230 2504 in
1255 2473 1310 2503 the
1331 2472 1471 2503 Church
1491 2472 1638 2503 Service.

119 2525 174 2560 23.
201 2529 251 2559 Ad
277 2528 341 2560 hoc
367 2529 458 2559 enirn
485 2528 528 2558 vi.
556 2529 702 2568 pertinet
731 2528 767 2558 F.
819 2538 918 2568 prose
943 2534 1060 2559 enunt.
1090 2527 1139 2558 F:
1180 2537 1278 2567 prose
1306 2532 1401 2558 nunt.
1434 2526 1470 2556 L.
1522 2536 1575 2556 no.
1604 2525 1638 2556 il.

117 2582 281 2622 antiquae
303 2582 542 2614 declinationis
567 2582 603 2613 L.
652 2583 744 2613 facta
770 2582 818 2612 F:
857 2582 967 2613 factas
994 2581 1030 2612 L.
1079 2581 1086 2594 ‘
1106 2580 1258 2617 Dative‚'
1283 2580 1335 2611 for
1358 2580 1518 2621 genitive,
1545 2580 1572 2611 is
1597 2590 1638 2610 an

116 2635 172 2667 old
192 2636 340 2668 mistake
357 2638 428 2676 (see
445 2647 501 2677 my
522 2637 622 2668 Latin
643 2637 844 2677 Language,
865 2636 908 2667 vi.
931 2635 1002 2674 24).
1049 2633 1104 2666 24.
1131 2635 1262 2666 exilerit
1285 2635 1321 2664 F.
1366 2645 1487 2666 sonare
1508 2645 1575 2665 οηι.
1600 2634 1636 2664 L.

116 2687 172 2721 25.
199 2690 349 2722 dicentes
371 2701 438 2722 om.
467 2690 503 2721 L.
552 2697 671 2722 contra
696 2701 731 2722 es
756 2691 856 2728 (corr.
883 2689 1073 2728 contrahis)
1099 2689 1135 2719 L.
1183 2687 1237 2720 26.
1289 2689 1375 2719 Item
1401 2699 1459 2728 per
1484 2688 1638 2719 metacis-

116 2753 210 2775 mum
234 2745 288 2776 ba.
314 2744 364 2775 F:
401 2745 457 2777 Fit
479 2745 722 2777 metacismum
746 2746 800 2776 ba.
827 2744 862 2775 L.
935 2744 980 2774 11.
1027 2741 1058 2775 'l-
1086 2743 1212 2784 positio
1236 2742 1273 2773 L.
