1882 3032
194 140 243 176 36
753 143 895 192 Julian
923 144 969 193 os
999 145 1153 182 Toledo

194 257 259 296 75.
295 259 431 298 Huius
464 260 624 310 species
655 264 810 302 multae
844 271 954 310 sunt,
989 278 1039 303 ex
1072 264 1222 315 quibus
1254 267 1436 305 eminent
1469 275 1644 318 septem,
1679 269 1719 307 id

193 333 256 364 est
307 327 453 378 ironia,
506 329 777 378 antiphrasis,
832 330 1042 382 aenigma,
1097 332 1432 383 charientismos,
1487 335 1716 384 paroemia,

193 404 444 441 sarcasmos,
473 397 684 435 astismos.
749 395 813 434 76.
846 398 1059 449 Allegoria
1086 401 1210 447 dicta,
1240 401 1277 440 id
1304 408 1367 439 est
1391 401 1715 452 alieniloquium.

193 462 315 501 Aliud
352 462 460 500 enim
500 471 635 513 sonat,
679 464 788 505 aliud
829 466 1099 516 intellegitur,
1143 475 1186 506 ut
1227 467 1345 515 (Aen.
1393 470 1427 518 l,
1473 471 1563 520 184)
1606 472 1721 508 ‘tres

193 529 312 568 litore
351 543 497 569 cervos
538 531 742 581 conspicit
782 535 1001 580 errantes‚'
1045 535 1084 574 id
1124 543 1188 573 est
1226 537 1293 574 ubi
1335 543 1422 575 tres
1459 538 1587 575 duces
1626 538 1720 577 belli

191 598 337 636 Punici
366 598 671 648 significantur,
704 601 743 638 id
773 608 835 638 est
867 602 1164 650 Hamilcarem,
1200 605 1524 651 Hasdrubalem,
1560 605 1720 643 Hanni-

191 666 352 712 balem;
402 667 465 703 vel
502 668 581 705 tria
616 668 721 706 bella
758 668 928 706 Punica.
993 667 1056 706 77.
1093 671 1196 707 Item
1236 670 1275 708 in
1316 672 1520 710 Bucolicis
1558 672 1612 722 (3,
1654 672 1717 723 71)

194 734 348 770 ‘aurea
378 735 487 771 mala
515 736 660 772 decem
686 735 812 782 misi,’
846 737 886 775 id
914 743 979 775 est
1008 740 1059 776 ad
1090 739 1331 787 Augustum
1362 740 1504 776 decem
1538 740 1719 789 Eclogas

191 806 420 849 pastorum.
482 801 586 839 Item
621 801 835 852 Vergilius
870 805 950 842 sub*
980 817 1161 853 persona
1194 805 1410 844 morientis
1449 807 1625 844 Didonis
1662 806 1719 844 ita

190 868 397 917 expressit
434 868 575 908 dicens
614 869 732 920 (Aen.
777 872 814 917 4,
857 870 948 920 690)
990 873 1082 908 ‘ter
1121 884 1213 909 sese
1250 872 1459 911 adtollens
1496 873 1719 923 cubitoque

190 935 343 973 adnixa
374 936 563 983 levavit,'
596 937 663 975 ubi
695 944 759 975 ter
788 939 981 988 Kartago
1012 939 1228 978 rebellavit
1259 947 1299 977 et
1330 940 1440 978 victa
1472 947 1548 977 est.
1613 941 1718 978 Item

191 1002 309 1052 (Aen.
339 1004 377 1053 4,
408 1004 500 1055 642)
528 1007 536 1022 ⁴
558 1011 600 1042 at
627 1005 789 1054 trepida
815 1012 855 1043 et
881 1006 1041 1055 coeptis
1069 1006 1306 1045 inmanibus
1333 1006 1460 1046 effera
1490 1007 1601 1046 Dido
1625 1020 1720 1046 san-
1784 1015 1786 1017 ’

188 1070 389 1121 guineam
409 1072 582 1111 volvens
612 1069 813 1122 [f]aciem
830 1073 867 1119 '3
906 1086 978 1123 per
1006 1072 1213 1111 Didonem
1238 1073 1346 1112 enim
1371 1074 1556 1113 ostendit
1580 1074 1720 1113 furen-

189 1144 272 1175 tem
306 1129 596 1188 Kartaginem.
662 1138 725 1176 78.
762 1140 867 1178 Item
899 1140 1002 1189 (Ecl.
1038 1142 1074 1187 3,
1111 1142 1201 1191 111)
1237 1141 1444 1179 ‘claudite
1476 1143 1557 1180 iam
1589 1141 1715 1188 rivos,

191 1204 333 1253 pueri;
371 1213 437 1243 sat
473 1212 593 1254 prata
629 1206 854 1244 biberunt.‘
916 1208 1150 1257 Allegorice
1187 1209 1264 1246 hoc
1300 1208 1418 1256 dixit,
1459 1209 1498 1247 id
1534 1218 1599 1248 est
1635 1209 1716 1247 iam

187 1282 358 1313 cantare
389 1275 581 1321 desinite,
618 1276 758 1314 satiati
791 1278 899 1315 enim
933 1278 1143 1317 audiendo
1173 1292 1331 1317 sumus
1395 1279 1499 1316 Item
1534 1279 1637 1330 (Ecl.
1674 1281 1711 1325 8,

191 1344 254 1392 13)
289 1344 424 1382 ‘inter
452 1344 645 1382 victrices
675 1346 850 1383 hederas
881 1346 953 1383 tibi
985 1358 1150 1395 serpere
1180 1347 1352 1392 lauro·s‚'
1388 1348 1425 1386 id
1456 1354 1520 1384 est
1549 1359 1716 1385 carmen

189 1424 326 1449 meum
354 1413 499 1449 florere
525 1412 633 1450 inter
657 1419 752 1450 tuos
778 1412 1028 1462 triumphos.
1092 1414 1200 1451 Nam
1225 1420 1349 1452 antea
1374 1413 1555 1452 victores
1582 1416 1714 1460 laum,

188 1480 341 1517 hedera
375 1481 684 1518 coronabantur
719 1488 882 1529 poetae.
946 1479 1011 1518 79.
1046 1481 1153 1519 Item
1187 1481 1291 1531 (Ecl.
1332 1482 1369 1529 9,
1408 1481 1472 1531 28)
1511 1483 1717 1519 ‘Mantua

186 1559 264 1585 vae
291 1546 470 1586 miserae
497 1546 670 1585 nimium
699 1547 835 1586 vicina
864 1549 1098 1586 Cremonae
1126 1555 1347 1586 cantantes
1378 1547 1553 1587 sublime
1583 1549 1717 1586 ferent

187 1616 240 1655 ad
265 1614 402 1653 sidera
423 1614 580 1664 cygni)
642 1615 816 1664 Cygnos
838 1615 906 1655 hic
928 1615 1151 1666 allegorice
1176 1617 1433 1654 Mantuanos
1456 1622 1619 1665 poetas,
1647 1617 1716 1665 qui

186 1682 306 1732 quasi
330 1689 550 1721 cantantes
575 1681 746 1721 dicunt:
790 1684 967 1721 Mantua
993 1697 1070 1721 vae
1094 1683 1284 1721 miserae.
1348 1684 1430 1733 Qui
1456 1685 1593 1722 abacti
1620 1690 1716 1721 sunt

186 1752 237 1788 de
264 1751 502 1801 paludibus,
535 1751 574 1790 id
605 1759 667 1789 est
696 1734 755 1791 de¹
775 1752 890 1801 agris
920 1751 1006 1789 suis
1035 1751 1206 1798 quando
1233 1752 1542 1790 Cremonenses
1570 1757 1716 1788 contra

187 1820 428 1868 Augustum
465 1819 620 1857 Antoni
657 1819 800 1868 copias
837 1826 1127 1869 susceperunt,
1167 1826 1207 1856 et
1243 1831 1372 1867 agros
1407 1831 1551 1857 eorum
1589 1816 1716 1856 dividi

187 1886 310 1925 iussit
335 1888 519 1934 Caesam
561 1887 781 1924 Mantuani
807 1899 974 1936 quoque
1002 1885 1285 1935 <dis>persi
1315 1893 1423 1924 sunt.
1476 1883 1542 1923 80.
1577 1884 1716 1922 Ironia

187 1961 251 1992 est
282 1962 428 2004 tro-pus
460 1967 535 2004 per
565 1955 776 1992 contraria
808 1957 919 2001 quod
951 1960 1129 1993 conatur
1160 1954 1401 2000 ostendens,
1439 1960 1483 1991 ut
1516 1953 1634 2002 (Aen.
1674 1953 1711 1998 4,

187 2021 252 2072 93)
281 2023 289 2038 ‘
309 2020 526 2072 egregiam
552 2035 653 2059 vero
676 2023 840 2060 laudem
866 2029 907 2059 et
932 2019 1064 2071 spolia
1088 2022 1228 2070 ampla
1253 2020 1418 2058 refertis
1442 2027 1571 2069 tuque
1595 2032 1716 2068 puer-

185 2103 266 2139 que
293 2090 423 2135 tuus‚’
454 2096 493 2127 et
518 2096 670 2129 cetera.
735 2090 858 2127 Hanc
884 2087 1006 2136 enim,
1038 2089 1117 2127 nisi
1142 2088 1333 2139 gravitas
1360 2085 1715 2137 pronuntiationis

185 2157 405 2204 adiuverit,
433 2158 618 2196 confiteri
642 2157 852 2195 videbitur·
872 2159 986 2206 quod*
1007 2168 1165 2205 negare
1186 2154 1412 2194 contendit.
1474 2152 1541 2192 81.
1575 2152 1717 2192 Ironia

185 2224 338 2263 dicitur
381 2237 454 2274 per
500 2224 883 2274 pronuntiationem
931 2223 1186 2262 contrarium
1234 2224 1394 2260 habens
1441 2221 1709 2259 intellectum.

188 2296 282 2331 „ib-c
313 2293 421 2330 enim
454 2299 575 2341 tropo
605 2291 751 2338 callide
782 2299 853 2329 aut
886 2304 959 2340 per
990 2289 1301 2330 accusationem
1331 2297 1404 2328 aut
1436 2301 1509 2338 per
1542 2287 1717 2326 insulta-

187 2373 342 2399 tionem
375 2360 529 2407 aliquid
563 2359 724 2398 dicitur.
790 2360 847 2396 Ut
881 2365 944 2396 est
977 2359 1074 2397 illud
1106 2360 1216 2408 apud
1249 2355 1486 2406 Vergilium
1517 2354 1635 2404 (Aen.
1674 2356 1710 2399 1,

189 2428 280 2478 140)
318 2429 525 2475 ‘vestras,
564 2428 688 2475 Eure,
725 2428 898 2473 domos;
947 2425 1014 2464 illa
1049 2439 1092 2463 se
1127 2426 1252 2463 iactet
1285 2424 1324 2461 in
1358 2424 1455 2463 aula
1485 2423 1640 2461 Aeolus
1672 2428 1714 2461 et

186 2511 281 2541 codd.
342 2509 396 2542 76.
424 2509 489 2550 vel]
515 2517 547 2541 et
573 2510 609 2539 F.
661 2510 745 2541 Pun.
773 2511 823 2540 be.
854 2510 891 2539 L.
951 2507 1003 2540 77.
1031 2509 1142 2539 There
1169 2519 1255 2538 were
1279 2508 1423 2548 pedants
1449 2507 1481 2537 in
1508 2507 1604 2538 those
1630 2506 1713 2546 days

186 2572 252 2595 too.
300 2570 350 2595 ter
373 2575 407 2595 se
428 2575 502 2595 esse
526 2564 563 2594 E.
611 2564 778 2603 trepidam
803 2563 871 2593 FL.
927 2561 979 2593 78.
1009 2562 1054 2602 id]
1076 2564 1138 2593 hoe
1164 2563 1189 2591 F
1213 2564 1292 2599 (non
1319 2562 1399 2600 GL).
1457 2559 1511 2592 79.
1539 2561 1647 2601 gigno
1665 2560 1713 2591 sic

186 2620 241 2649 all.
274 2619 312 2648 E.
363 2626 463 2659 poeta
494 2619 530 2648 1⁵.
582 2619 662 2658 quia
692 2618 745 2648 F..
779 2628 847 2657 qua
876 2617 1109 2655 significantes
1137 2617 1217 2646 dicit
1247 2616 1284 2645 E.
1337 2616 1496 2645 miserere
1526 2615 1564 2645 E.
1591 2608 1713 2644 *After

186 2674 253 2704 this
279 2674 371 2704 word
398 2673 453 2704 the
475 2673 592 2703 letters
615 2683 646 2704 n.
673 2683 705 2702 u.
732 2682 760 2702 c.
788 2682 866 2710 may
891 2672 977 2701 have
1002 2671 1099 2701 stood
1126 2671 1158 2700 in
1184 2670 1239 2700 the
1265 2669 1446 2709 archetype
1469 2670 1537 2708 (Le.
1566 2669 1712 2699 nimium

188 2728 300 2758 vicina
320 2728 538 2765 Cremonae).
579 2733 628 2757 est
651 2733 723 2767 agr.
749 2727 830 2764 (om.
853 2725 907 2764 de')
930 2725 966 2755 F.
1009 2725 1106 2764 copia
1130 2724 1166 2754 E.
1209 2724 1297 2764 persi
1320 2723 1424 2754 etiam
1445 2722 1498 2754 Gl.
1541 2720 1595 2754 81.
1619 2722 1712 2753 exul-

187 2783 353 2815 tationem
378 2782 416 2813 E.
467 2793 520 2814 au,
549 2792 574 2812 s.
602 2792 629 2812 c.
657 2779 702 2821 θ.)
726 2781 842 2811 clauso
865 2789 999 2810 carcere
1024 2779 1060 2809 L.
1122 2776 1175 2810 82.
1203 2777 1275 2818 per]
1300 2787 1361 2818 pro
1387 2777 1426 2808 E.
1474 2777 1617 2808 redemit
1640 2777 1709 2808 red.
