1846 3017
664 143 804 191 Julian
833 144 878 191 os
909 144 1062 181 Toledo
1575 146 1624 185 37

101 261 245 299 clauso
274 269 493 299 ventorum
525 275 690 300 earcere
724 264 901 311 r‹·gnet.'
967 264 1016 300 Et
1049 266 1261 313 quomodo
1291 265 1384 302 aula
1419 265 1451 302 si
1485 277 1625 302 carcer

100 329 194 365 est?
254 328 437 366 Solvitur
464 329 571 366 enim
602 329 951 377 pronuntiatione.
1017 331 1124 369 Nam
1154 332 1277 369 iactet
1304 340 1343 369 et
1371 333 1463 371 aula
1493 331 1622 369 ironia

100 403 177 439 est.
220 408 360 433 carcer
401 408 500 432 vero
539 396 823 444 pronuntiatio
863 405 940 435 est.
1001 395 1068 434 82.
1103 398 1207 435 Item
1250 398 1287 436 in
1333 397 1509 436 Psalmis
1551 412 1625 448 per

99 463 408 501 accusationem
437 464 517 509 (4³,
546 466 583 508 S)
613 466 620 479 ⁸
646 463 772 500 frater
799 477 879 500 non
907 463 1093 511 redimet,
1124 464 1294 502 redimet
1323 466 1478 503 ho·mo.'
1541 466 1622 503 Sed

102 529 230 567 frater
263 536 404 566 noster
436 530 631 567 Christus
666 539 728 569 est
761 531 830 577 qui
864 530 966 568 dixit
1001 531 1077 578 (Io.
1116 533 1180 578 20,
1220 531 1342 582 17?):
1393 532 1462 579 ite,
1501 532 1623 571 dicite

100 596 299 635 fratribus
334 596 447 634 meis.
515 598 563 633 Et
599 598 702 636 dicis
734 610 805 646 per
839 601 1091 636 contrariam
1127 598 1536 649 pronuntiationem:
1589 600 1622 637 si

98 664 292 702 Christus
339 677 417 701 nos
464 677 543 701 non
594 664 781 711 redimet,
831 665 981 713 aliquis
1030 667 1157 704 homo
1203 666 1493 716 redempturus
1528 667 1622 705 est?

97 728 163 769 83.
200 731 302 769 Item
336 732 373 769 in
410 731 588 769 Psalmis
620 745 692 780 per
725 733 1036 770 insultationem
1070 734 1174 779 lauS,
1208 735 1276 772 ubi
1308 733 1406 772 dicit
1438 734 1519 784 (39,
1559 734 1622 782 16)

100 800 108 814 ⁸
129 811 251 848 euge,
275 798 412 847 euge.'
473 799 523 835 Et
548 799 585 836 in
611 794 844 849 Evangelio
865 799 985 848 (Mat.
1014 800 1076 846 26,
1103 801 1168 850 68)
1191 804 1198 818 ¹
1221 801 1461 850 prophetiza
1485 801 1618 848 nobis,

96 866 294 904 Christe.'
357 866 479 915 Quae
516 872 605 903 tota
642 879 714 915 per
752 866 1003 905 contrariam
1042 867 1428 916 pronuntiationem
1464 869 1623 906 adnun—

95 932 267 979 tiantur,
304 934 473 982 quando
509 935 719 971 laudando
750 933 920 971 deridet.
1009 932 1074 971 84.
1111 935 1162 972 Et
1199 935 1236 972 in
1275 935 1454 983 Regum,
1492 948 1620 984 quum

102 1000 260 1037 Iezabel
291 1001 341 1036 ad
375 1000 517 1037 Achab
550 1000 587 1037 in
619 1000 941 1049 exp-rebrati0ne
973 1002 1142 1049 loquuta
1174 1009 1238 1039 est
1268 1002 1308 1052 (3
1341 1003 1445 1052 Reg.
1483 1002 1545 1048 21,
1582 1001 1619 1051 7)

101 1067 302 1118 ‘grandis
335 1067 598 1107 auctoritatis
631 1082 675 1105 es
709 1076 747 1106 et
782 1070 885 1107 bene
919 1068 1031 1118 regis
1065 1082 1239 1118 regnum
1274 1070 1436 1107 Israel.‘
1498 1069 1620 1119 Quod

96 1136 239 1185 utique
277 1148 357 1173 non
396 1137 606 1173 laudando
643 1138 715 1175 sed
753 1137 1049 1185 exprobrando
1086 1139 1257 1186 loquuta
1296 1144 1371 1175 est.
1438 1138 1545 1175 Item
1582 1138 1620 1175 in

98 1203 333 1252 Evangelio
364 1203 590 1240 secundum
628 1204 827 1240 Ioannem
860 1216 882 1239 a
920 1202 1084 1241 Iudaeis
1118 1204 1171 1241 illi
1205 1217 1331 1242 caeco
1364 1211 1466 1243 nato
1497 1203 1622 1243 maje-

96 1269 272 1308 dicentis
302 1276 404 1307 voto
431 1269 582 1307 dicitur
611 1269 687 1320 (Io.
725 1270 762 1317 9,
798 1269 862 1318 28)
897 1272 970 1309 ‘tu
1001 1269 1230 1319 discipulus
1262 1271 1367 1309 illius
1398 1271 1456 1309 sis
1475 1273 1512 1319 ';
1555 1270 1620 1309 eui

94 1350 118 1376 e
163 1337 376 1375 contrario
421 1335 734 1374 benedicebant.
811 1335 876 1374 85.
910 1336 1177 1386 Antiphrasis
1225 1344 1288 1376 est
1336 1337 1458 1377 unius
1507 1337 1620 1375 verbi

96 1404 242 1452 ironia,
281 1411 325 1442 ut
363 1405 577 1450 ‘bellum‚'
620 1405 798 1451 ‘lucus‚'
838 1411 877 1442 et
915 1405 1134 1443 ‘Parcae'
1230 1405 1404 1453 Bellum,
1443 1406 1522 1444 hoc
1556 1412 1622 1443 est

95 1470 263 1509 mInime
288 1472 453 1510 bellum.
519 1471 571 1508 Et
597 1472 728 1517 lucus,
757 1485 808 1510 eo
831 1474 941 1521 quod
969 1485 1050 1509 non
1076 1472 1226 1510 luceat.
1290 1473 1343 1510 Et
1371 1474 1541 1520 Parcae,
1572 1484 1623 1510 eo

94 1540 209 1588 quod
239 1539 337 1577 nulli
371 1546 557 1588 parcant.
623 1539 729 1576 Item
763 1538 914 1576 ‘mites
946 1546 986 1576 et
1017 1538 1228 1586 modesti,‘
1265 1553 1393 1589 quum
1425 1539 1508 1578 sint
1540 1545 1621 1577 ter-

96 1606 234 1644 ribiles
259 1612 299 1644 et
327 1606 527 1643 inmanes.
593 1607 644 1643 Et
673 1608 679 1621 ‘
703 1604 992 1651 Eumenidas,'
1020 1619 1071 1644 eo
1093 1609 1204 1655 quod
1232 1607 1329 1644 nulli
1357 1613 1531 1655 parcant
1557 1606 1621 1644 vel

94 1675 197 1712 bene
231 1673 398 1711 faciant.
459 1673 512 1710 Et
546 1673 787 1718 ‘mundus‚’
822 1685 873 1710 eo
901 1676 1011 1722 quod
1043 1673 1095 1710 sit
1128 1674 1363 1711 inmundus.
1425 1671 1492 1711 86.
1528 1673 1621 1710 Hoc

94 1746 218 1790 tropo
249 1748 288 1778 et
322 1752 455 1777 nanos
491 1739 712 1777 ‘Atlantes
734 1740 742 1751 ’
778 1752 994 1788 vocamus,
1032 1748 1072 1778 et
1105 1753 1253 1779 caecos
1292 1738 1541 1780 ‘videntes.’
1579 1746 1620 1778 et

95 1806 325 1857 Aethiopas
362 1805 677 1856 ‘margaritas'
741 1807 845 1844 Item
882 1806 920 1843 in
952 1807 1031 1845 ¹Iob
1065 1806 1118 1856 (2,
1156 1808 1179 1844 8
1216 1807 1327 1858 Ital.)
1364 1807 1427 1845 ‘si
1463 1819 1543 1845 non
1579 1805 1618 1843 in

95 1875 243 1913 faciem
271 1873 528 1913 benedixerit
556 1873 662 1920 tibi‚'
694 1874 731 1913 id
761 1881 824 1911 est
850 1873 1123 1912 maledixerit.
1190 1875 1241 1912 Et
1269 1875 1308 1912 in
1339 1875 1519 1925 Regum,
1551 1875 1619 1913 ubi

96 1942 134 1979 in
160 1942 330 1980 Naboth
357 1942 500 1979 fictum»
523 1940 678 1979 crimen
704 1954 727 1979 a
752 1939 1106 1980 calumniantibus
1131 1940 1390 1980 nominatum
1418 1947 1482 1980 est
1507 1941 1622 1990 quod*

96 2008 134 2055 (3
167 2009 271 2059 Reg.
309 2009 372 2055 21,
409 2008 471 2053 13)
507 2007 794 2046 ‘benedixerit
827 2008 919 2046 Deo
949 2015 988 2046 et
1020 2007 1140 2057 regi‚'
1176 2008 1214 2046 id
1246 2015 1310 2046 est
1342 2006 1614 2046 maledixerit.

93 2075 160 2114 87.
196 2076 307 2114 Inter
339 2074 512 2113 ironiam
544 2082 686 2113 autem
715 2082 755 2112 et
786 2074 1047 2124 antiphrasin
1076 2076 1155 2113 hoc
1185 2073 1316 2113 distat
1345 2077 1456 2124 quod
1488 2073 1620 2112 ironia

96 2142 436 2192 pronuntiatione
469 2143 555 2179 sola
590 2141 743 2179 indicat
775 2143 886 2191 quod
920 2141 1102 2191 intellegi
1134 2143 1246 2187 vult;
1280 2149 1324 2179 ut
1357 2148 1457 2191 puta
1489 2133 1615 2190 quum

94 2212 270 2252 dicimus
303 2212 458 2250 homini
495 2212 636 2262 agenti
674 2212 782 2249 male
815 2212 1000 2248 ‘bonum
1033 2219 1096 2249 est
1129 2214 1240 2260 quod
1276 2210 1413 2250 sacis.'
1503 2210 1620 2249 Anti-

94 2280 259 2330 phrasis
288 2292 389 2317 vero
417 2292 497 2317 non
529 2292 630 2317 voce
661 2278 971 2328 pronuntiantis
1001 2278 1210 2329 significat
1241 2278 1511 2327 contrarium,
1546 2279 1621 2317 sed·

94 2347 183 2386 suis
242 2348 536 2385 tantummodo
597 2345 733 2383 verbis
794 2346 1006 2384 contrario
1066 2344 1230 2384 dicitur.
1318 2345 1457 2384 Veluti
1519 2345 1617 2383 dum

93 2427 350 2465 quaesumus
390 2412 577 2462 accipere
619 2415 729 2462 quod
774 2412 826 2451 ibi
869 2425 949 2450 non
991 2420 1055 2451 cst
1098 2420 1138 2451 et
1181 2413 1456 2462 respondetur
1499 2412 1618 2450 nobis

93 2539 124 2570 h.
149 2539 205 2570 L2.
249 2549 314 2570 non
333 2549 399 2569 om.
421 2538 458 2568 1,.
511 2536 564 2570 83.
593 2548 688 2577 pron.
710 2537 953 2577 pronuntiatur
975 2537 1010 2567 l..
1065 2536 1119 2569 8⁴.
1163 2537 1365 2578 secundum]
1385 2549 1409 2569 ε.
1431 2538 1580 2577 (usually
1599 2548 1618 2568 a

94 2593 316 2633 sed-symbol)
338 2593 374 2623 Ε.
421 2591 514 2632 voto]
537 2593 642 2622 voce?
685 2592 763 2621 dicit
789 2591 825 2621 F.
871 2591 928 2631 qui
953 2591 990 2621 E.
1047 2589 1101 2623 85.
1129 2598 1271 2631 parcant
1297 2592 1376 2622 FL:
1414 2598 1552 2632 parcent
1577 2591 1615 2622 E.

93 2647 290 2678 eumenides
317 2647 353 2676 L.
414 2644 467 2678 86.
497 2646 674 2685 aethiopos
700 2645 738 2675 E.
789 2655 854 2675 non
883 2645 935 2675 sac
961 2646 1042 2682 (om.
1071 2646 1118 2685 in)
1144 2645 1181 2676 E.
1230 2646 1314 2686 Rvg.
1344 2646 1375 2676 in
1404 2646 1468 2677 Na.
1496 2646 1524 2676 si
1551 2656 1616 2676 non

94 2702 151 2733 ubi
170 2701 208 2732 E.
252 2701 382 2732 factum
403 2701 440 2731 F.
481 2698 536 2732 87.
558 2703 637 2730 afim
661 2700 696 2729 1..
742 2698 887 2739 homini]
906 2700 998 2730 omni
1021 2699 1058 2730 F.
1100 2710 1131 2739 q.
1151 2700 1172 2731 f.
1195 2701 1272 2731 bon.
1295 2705 1345 2730 est
1366 2699 1403 2730 E.
1446 2700 1619 2731 contrario

93 2757 138 2788 di.
157 2755 237 2787 EF:
260 2755 472 2787 contrarium
487 2755 532 2785 di.
552 2755 586 2785 I..
630 2753 829 2793 quaerimus
845 2753 914 2784 EL.
958 2753 1060 2783 From
1075 2754 1162 2793 Aug.
1181 2753 1279 2784 Doct.
1297 2753 1425 2784 Christ.
1442 2753 1475 2790 3,
1491 2752 1546 2789 29,
1562 2752 1617 2786 41.
