1882 3032
165 122 214 159 30
724 121 864 170 Julian
894 122 939 171 of
970 123 1123 160 Toledo

163 242 386 293 ignemque
416 243 637 280 ferebant)
699 240 764 280 35.
800 242 1043 281 Meminisse
1072 250 1211 281 autem
1242 245 1455 293 debemus,
1487 259 1613 295 quum
1643 247 1689 285 fit

162 323 185 348 a
210 316 327 358 parte
353 317 504 357 totum,
534 311 585 347 ab
613 310 767 360 insigni
795 318 912 358 parte
939 310 1188 348 faciendum.
1251 310 1317 348 36.
1353 312 1520 350 Dictum
1549 321 1687 352 autern

164 378 422 426 synecdoche
450 390 577 425 quum
606 390 628 415 a
657 383 774 426 parte
804 384 952 421 totum,
985 379 1076 427 plus
1105 378 1294 416 minusve
1325 379 1533 427 significat
1563 393 1688 429 quam

166 444 420 492 pronuntiat.
486 444 615 481 Modo
655 444 762 481 enim
808 449 935 487 <a>
979 452 1070 482 toto
1112 459 1206 493 pars
1251 446 1519 495 intellegitur,
1564 449 1691 485 modo

162 522 279 563 parte
311 514 525 552 nominata
558 521 692 552 totum
725 513 937 563 accipitur.
1001 513 1066 551 37.
1103 516 1165 553 Eo
1193 515 1300 553 enim
1335 525 1374 554 et
1406 530 1478 566 per
1509 517 1687 566 speciem

161 595 296 631 genus
318 588 357 618 et
380 594 452 630 per
471 594 606 631 genus
630 580 789 630 species
811 585 1135 620 demonstratur.
1201 584 1281 622 Sed
1306 583 1465 632 species
1488 598 1583 634 pars·
1606 591 1685 630 est,

160 662 295 698 genus
324 656 462 687 autem
491 655 652 695 totum;
693 662 716 686 a
745 655 834 686 toto
862 649 969 686 enim
999 663 1096 699 pars
1126 650 1394 699 intellegitur,
1426 660 1469 690 ut
1500 652 1617 702 (Aen.
1648 652 1685 697 6,

162 717 254 766 311)
306 719 314 734 ‘
336 729 460 764 quam
513 717 669 754 multae
717 717 1006 765 glomerantur
1055 730 1154 754 aves
1204 719 1272 755 ubi
1326 717 1504 767 frigidus
1554 731 1689 756 annus

163 788 384 827 <trans>
416 791 591 832 pontum
622 784 776 833 fugat.'
841 784 934 821 Non
965 784 1073 821 enim
1105 791 1219 823 totus
1249 798 1383 823 annus
1415 785 1594 835 frigidus
1626 792 1689 823 est

163 853 234 889 sed
265 864 362 900 pars
394 851 505 896 anni,
542 851 579 888 id
612 858 675 889 est
707 850 852 888 hiems.
915 849 981 888 38.
1015 852 1048 888 Α
1079 858 1198 900 parte
1231 859 1380 900 totum,
1415 860 1460 890 ut
1492 853 1610 903 (Aen.
1651 855 1685 899 1,

161 920 253 970 399)
296 920 569 967 ‘puppesque
608 927 708 956 tuae·
744 919 958 968 pubesque
999 918 1199 956 tuorum.’
1259 921 1293 957 A
1332 918 1540 968 puppibus
1579 919 1688 957 enim

160 993 293 1024 totam
319 998 468 1024 navem
496 985 718 1035 significat,
749 998 772 1022 a
798 987 906 1035 pube
930 992 1044 1023 totos
1069 986 1272 1023 homines.
1335 985 1400 1023 39.
1434 988 1517 1025 Aut
1543 994 1688 1026 contra

161 1054 384 1104 significat,
414 1061 458 1092 ut
487 1053 605 1101 (Aen.
640 1055 675 1099 1,
708 1053 797 1101 114)
831 1055 837 1068 ‘
861 1053 1009 1102 ingens
1035 1066 1058 1091 a
1086 1052 1240 1091 vertice
1266 1061 1419 1102 pontus
1450 1053 1487 1091 in
1515 1054 1687 1104 puppim

159 1121 289 1167 ferit,'
319 1128 359 1158 et
387 1121 505 1170 (Aen.
541 1120 603 1169 12,
636 1120 726 1169 119)
757 1121 1028 1167 ‘fontemque
1056 1120 1279 1170 ignemque
1308 1122 1530 1159 ferebant.'
1592 1121 1687 1158 Non

159 1188 267 1227 enim
308 1195 442 1226 totum
482 1189 679 1237 pelagum
720 1187 851 1225 fuisse
891 1187 995 1225 dixit
1035 1190 1106 1227 sed
1147 1194 1307 1236 partem
1347 1188 1500 1238 pelagi,
1546 1190 1584 1228 id
1625 1195 1689 1226 est

160 1258 343 1295 fluctum.
407 1254 472 1293 40.
507 1257 560 1293 Et
588 1259 596 1274 ‘
618 1256 860 1305 fontemque
887 1257 1113 1306 ignemque
1139 1257 1327 1294 serebant
1347 1258 1354 1272 ‘
1376 1271 1384 1303 ;
1425 1264 1469 1294 ut
1496 1256 1614 1307 (Aen.
1648 1256 1685 1302 2,

159 1323 251 1373 256)
291 1325 510 1361 ‘flammas
545 1336 673 1372 quum
712 1324 827 1372 regia
863 1323 1015 1373 puppis
1051 1324 1292 1369 extulerat,’
1329 1325 1397 1362 ubi
1435 1336 1516 1361 non
1553 1325 1688 1361 solum

159 1391 311 1441 puppis
337 1393 408 1430 sed
435 1391 569 1439 navis,
597 1397 637 1428 et
663 1403 743 1428 non
771 1390 891 1428 navis
918 1394 989 1430 sed
1015 1392 1084 1439 qui
1111 1392 1150 1428 in
1177 1404 1239 1437 ea,
1267 1397 1308 1429 et
1334 1404 1414 1428 non
1442 1404 1588 1429 omnes
1615 1392 1687 1428 sed

159 1472 266 1497 unus
298 1460 488 1496 flammas
516 1458 677 1496 extulit.
739 1456 805 1495 41.
840 1458 906 1496 Sic
937 1466 976 1496 et
1006 1458 1103 1498 illud
1134 1472 1231 1508 pars
1262 1471 1339 1507 pro
1367 1465 1456 1497 toto
1487 1457 1689 1507 accipitur

158 1526 320 1565 dicente
362 1528 506 1564 eodem
549 1533 672 1575 poeta
716 1525 832 1576 (Aen.
879 1527 914 1573 l,
961 1526 1052 1575 284)
1100 1527 1256 1575 ‘quum
1299 1526 1448 1564 domus
1491 1524 1687 1562 Assaraci

160 1594 353 1632 Phthiam
389 1594 607 1642 clarasque
644 1595 846 1642 Mycenas
883 1592 1056 1630 servitio
1090 1601 1250 1641 premet
1287 1606 1334 1631 ac
1370 1592 1491 1632 victis
1528 1592 1689 1631 domin-

159 1661 298 1699 abitur
328 1660 488 1710 Argis.'
552 1661 631 1698 Per
662 1673 788 1698 unam
820 1660 1034 1698 civitatem
1067 1661 1268 1710 Mycenas
1301 1667 1432 1698 totam
1467 1659 1685 1698 Graeciam

158 1728 420 1766 serviendam
454 1726 656 1766 Romanis
688 1726 953 1776 significavit.
1017 1725 1081 1763 42.
1118 1727 1169 1764 Et
1201 1727 1239 1765 in
1273 1727 1499 1776 Scripturis
1530 1725 1687 1765 sanctis

158 1795 222 1834 hic
247 1803 392 1844 tropus
418 1808 441 1832 a
465 1802 584 1844 parte.
608 1802 759 1842 totum,
789 1795 826 1834 id
852 1801 915 1832 est
941 1796 992 1832 ab
1017 1794 1156 1843 specie
1179 1797 1230 1833 ad
1256 1807 1417 1844 genus3
1458 1793 1565 1832 sicut
1590 1793 1687 1832 illud

160 1864 198 1902 in
226 1863 353 1901 Esaia
379 1859 461 1913 (19,
492 1863 554 1912 19)
585 1864 592 1878 ⁴
615 1863 653 1900 in
680 1863 745 1900 die
772 1863 841 1899 illo
866 1862 941 1899 erit
969 1862 1101 1900 altare
1128 1861 1294 1899 Domini
1323 1862 1359 1899 in
1390 1861 1526 1899 medio
1552 1869 1687 1899 terrae

158 1930 373 1980 Aegypti,‘
401 1933 499 1969 dum
523 1943 604 1967 non
631 1931 764 1968 solum
791 1930 828 1967 in
854 1930 1050 1978 Aegypto
1075 1931 1145 1966 sed
1171 1930 1209 1966 in
1234 1935 1324 1966 toto
1349 1929 1516 1966 mundo.
1581 1929 1686 1965 Item

158 1999 198 2036 in
224 1999 396 2036 Psalmo
418 1997 498 2047 (77,
528 1997 593 2046 45)
623 1998 630 2012 ⁴
652 1996 809 2034 inmisit
835 1997 874 2034 in
899 1996 959 2035 eis
983 2009 1175 2034 muscam
1196 1995 1424 2043 caninam‚'
1449 2009 1576 2045 quum
1604 2008 1685 2034 non

158 2079 241 2105 una
302 2067 373 2104 sed
433 2065 622 2103 diversae
686 2076 857 2102 muscae
917 2070 1050 2101 totam
1114 2063 1363 2113 repleverint
1427 2065 1680 2112 Aegyptum.

157 2132 224 2171 43.
258 2134 363 2170 Item
387 2145 408 2169 e
433 2138 593 2177 contra,
621 2146 644 2170 a
669 2144 823 2181 genere
848 2133 900 2171 ad
926 2130 1118 2180 speciem,
1149 2132 1255 2170 sicut
1281 2132 1330 2168 de
1356 2129 1508 2168 Ninive
1533 2128 1687 2179 legitur

159 2201 347 2251 (Nahum
380 2201 417 2247 3,
457 2199 526 2249 9?)
565 2201 674 2236 ‘non
710 2199 813 2236 erit’
853 2198 985 2245 inquit
1021 2197 1143 2235 ‘finis
1175 2197 1374 2248 gentibus
1411 2195 1522 2243 illis,'
1557 2209 1686 2245 quum

222 2305 275 2340 35.
303 2310 384 2338 afim
422 2308 458 2337 L.
543 2305 706 2338 36.a[1m
744 2305 781 2336 L.
843 2307 918 2346 plus
958 2305 1127 2346 minusve]
1165 2306 1396 2346 plurimumve
1435 2305 1502 2335 FL.
1565 2303 1686 2345 quarn]

159 2373 237 2393 cum
275 2361 312 2392 F.
351 2361 552 2399 (Therefore
590 2360 627 2397 F,
665 2372 702 2391 or
738 2361 780 2390 its
816 2361 1002 2400 exemplar,
1042 2371 1113 2390 was
1150 2361 1182 2390 in
1218 2361 1274 2390 the
1310 2360 1405 2390 habit
1438 2359 1475 2390 of
1511 2359 1685 2399 changing

159 2427 264 2457 qzaum
292 2422 326 2447 to
352 2416 454 2456 cum).
507 2416 597 2445 enim
625 2426 692 2445 om.
723 2415 759 2445 L.
810 2421 882 2445 tota
908 2425 988 2454 pars
1016 2414 1042 2444 E
1071 2414 1150 2444 Gl.:
1190 2420 1239 2445 tot
1265 2420 1380 2454 partes
1405 2414 1462 2444 FL
1489 2414 1543 2453 (In
1573 2413 1600 2443 L
1627 2413 1684 2444 the

156 2471 304 2511 Spanish
326 2471 470 2510 spelling
493 2470 578 2503 ioht,
604 2469 803 2509 apparently
823 2470 994 2499 corrected
1016 2475 1049 2499 to
1073 2470 1208 2507 totum).
1256 2468 1329 2498 toht
1352 2478 1421 2498 acc.
1449 2468 1485 2498 L.
1542 2466 1596 2499 37.
1623 2478 1684 2508 pro

156 2526 226 2563 (the
248 2525 395 2564 symbol)
417 2524 575 2564 ispeciem
598 2523 635 2553 E.
682 2522 755 2563 per]
775 2533 836 2563 pro
858 2522 896 2552 E.
943 2525 1023 2552 nun]
1047 2522 1083 2552 L.
1129 2523 1207 2562 frig.
1232 2523 1288 2552 sed
1311 2523 1392 2560 (om.
1416 2522 1481 2561 est)
1504 2522 1541 2552 L.
1587 2530 1684 2562 gems

157 2582 256 2618 (corr.
292 2579 415 2618 hiems)
450 2578 486 2608 L.
556 2576 609 2609 38.
638 2576 689 2617 ut]
720 2584 769 2607 est
802 2577 838 2606 L.
908 2575 960 2608 39.
990 2577 1120 2607 ferebat
1154 2576 1180 2605 E
1215 2575 1266 2606 Gl.
1302 2586 1404 2615 seque
1438 2581 1511 2606 arte
1542 2576 1606 2616 pel.
1641 2576 1681 2607 E.

155 2632 208 2665 40.
238 2634 370 2664 ferebat
397 2632 424 2662 E
451 2632 503 2662 GI.
553 2633 610 2662 sed
636 2639 668 2661 et
696 2642 750 2662 na.
782 2631 817 2660 F.
870 2641 936 2661 non
965 2641 1018 2661 na.
1049 2631 1106 2660 sed
1134 2641 1188 2660 om
1219 2630 1243 2659 F
1271 2631 1352 2668 (non
1382 2629 1462 2670 GL).
1525 2629 1579 2662 41.
1605 2629 1682 2661 eod.

155 2687 321 2727 propheta
345 2687 417 2723 FL(
433 2687 456 2724 ἔ)
501 2685 573 2726 per]
597 2696 657 2725 pro
678 2684 705 2714 E
728 2684 781 2715 GI.
839 2683 893 2716 42.
923 2684 983 2714 Est
1005 2690 1038 2715 et
1062 2685 1094 2714 in
1119 2684 1146 2714 E
1171 2683 1222 2714 Gl.
1271 2694 1290 2714 a
1314 2694 1380 2714 om.
1408 2684 1446 2715 F.
1493 2683 1550 2724 ad]
1573 2695 1617 2715 uo
1641 2683 1680 2714 E.

167 2743 226 2773 illo
248 2741 329 2772 EL:
367 2742 424 2771 illa
449 2741 475 2770 F
500 2740 553 2771 Gl.
599 2739 743 2780 Aegypti
768 2749 835 2769 om.
863 2739 919 2768 FL
941 2740 1023 2778 (non
1049 2738 1131 2777 GL).
1176 2748 1244 2769 mu.
1272 2738 1427 2769 animam
1451 2737 1489 2769 E.
1535 2736 1589 2770 44.
1617 2738 1690 2769 Erit
