1846 3017
642 141 779 190 Julian
811 141 856 190 os
887 141 1040 178 Toledo
1553 147 1596 183 21

81 269 123 302 et
145 262 231 301 fieri
253 263 358 300 solet
379 275 460 300 non
484 262 618 299 solum
641 273 712 309 per
735 267 876 311 partes
897 259 1100 298 orationis
1125 265 1195 300 sed
1219 270 1257 299 et
1281 275 1353 311 per
1374 263 1603 302 accidentia

82 330 273 380 partibus
316 329 534 367 orationis.
610 327 674 366 14.
709 329 823 367 Sicut
869 336 909 366 et
953 327 1072 365 aliter
1118 329 1160 366 fit
1207 343 1334 379 quum
1381 329 1605 378 singularis

83 396 213 436 dictio
235 398 383 447 plurali
410 398 539 435 verbo
563 396 788 446 adfigatur,
818 403 862 434 ut
889 396 991 444 (Ecl.
1029 398 1063 443 l,
1093 398 1159 445 80)
1191 400 1315 434 ‘sunt
1344 398 1462 435 nobis
1491 397 1605 434 mitia

83 477 221 515 poma,
243 471 469 504 castaneae
490 465 633 501 molles
655 471 694 501 et
717 464 849 512 pressi
871 463 991 512 copia
1013 462 1164 501 lactis)
1229 464 1331 502 Item
1355 472 1397 502 ut
1421 466 1538 514 (Aen.
1570 468 1603 510 l,

85 532 179 582 554)
209 534 218 550 ‘
239 528 363 570 sociis
391 530 431 569 e't
461 543 559 581 rege
590 530 790 580 recepto.'
852 531 962 568 Nam
990 531 1058 568 ubi
1087 539 1125 568 ct
1156 544 1232 581 pro
1260 531 1401 569 multis
1432 546 1538 571 unus
1568 540 1606 569 ct

86 612 160 649 pro
181 612 266 638 uno
287 599 404 637 multi
426 604 651 649 ponuntur,
678 597 885 646 syllemsis
907 604 983 635 est.
1048 596 1112 634 15.
1148 599 1230 635 Pro
1251 598 1391 636 multis
1416 612 1522 637 unus
1545 607 1606 637 cst

87 667 205 718 (Aen.
232 667 269 714 2,
296 666 360 715 20)
387 668 395 682 ⁴
417 672 664 714 uterumque
687 672 852 703 armato
873 664 1001 703 milite
1022 666 1250 713 conplent,'
1277 678 1404 714 quum
1430 678 1508 703 non
1535 679 1611 715 pro

87 747 172 773 uno
202 735 274 772 sed
307 733 448 771 multis
480 731 680 770 militibus
713 732 931 771 diceretur.
995 730 1059 769 16.
1095 732 1176 770 Pro
1208 746 1293 770 uno
1325 733 1456 779 multi,
1494 741 1536 770 ut
1572 735 1608 770 in

90 801 324 849 Evangelio
354 801 476 850 (Mat.
516 800 578 845 27,
617 802 682 846 4-1)
719 801 931 838 ‘latrones
965 800 1033 848 qui
1066 814 1159 838 curn
1193 813 1244 837 eo
1275 799 1457 838 crucifixi
1493 806 1610 837 erant

89 869 413 918 inproperabant
451 868 518 909 ei.'
557 880 684 916 quum
724 881 803 905 non
843 868 968 904 ambo
1004 869 1075 904 sed
1114 880 1222 905 unus
1260 866 1611 916 blasphemaverit

90 937 242 974 Icsum.
301 934 366 972 17.
403 936 467 972 Fit
497 943 637 973 autem
669 934 875 983 syllemsis
905 933 1214 983 multipliciter:
1263 947 1337 983 per
1365 947 1534 983 genera,
1569 941 1612 971 ut

90 1003 208 1052 (Aen.
257 1006 291 1051 1,
340 1003 429 1051 144)
474 1002 738 1050 ‘Cymothoe
779 1002 900 1040 simul
943 1009 983 1039 et
1024 1000 1169 1039 Triton
1213 1000 1391 1039 adnixus
1433 1002 1613 1046 acuto';

90 1069 293 1109 feminino
323 1068 431 1108 enim
467 1077 506 1107 et
540 1069 770 1107 masculino
803 1069 946 1118 generi
980 1068 1159 1106 occurrit
1194 1069 1385 1106 adnixus.
1449 1066 1514 1105 18.
1548 1067 1614 1104 Fit

91 1145 131 1176 et
165 1150 238 1187 per
270 1149 481 1183 numeros,
518 1144 562 1175 ut
598 1136 714 1186 (Aen.
757 1139 791 1185 l,
829 1136 921 1184 554)
959 1136 1154 1173 ‘Italiam
1189 1135 1313 1174 sociis
1348 1143 1387 1173 et
1423 1147 1520 1186 rege
1556 1148 1616 1172 re-

91 1212 214 1256 cepto
232 1206 269 1251 ';
329 1205 531 1254 smgulari
577 1216 752 1242 numero
795 1203 994 1252 pluralem
1040 1202 1256 1240 conclusit.
1333 1200 1398 1239 19.
1434 1201 1500 1241 Fit
1545 1215 1616 1251 per

90 1286 228 1324 genus
254 1278 296 1310 et
325 1284 536 1319 nurnerOS‚
569 1278 612 1310 ut
643 1271 763 1321 (Aen.
799 1274 834 1314 1,
868 1271 958 1319 583)
993 1271 1197 1308 ‘classem
1229 1269 1449 1319 sociosque
1479 1280 1618 1318 recep-

92 1341 191 1378 tos.’
251 1337 317 1376 20.
353 1339 419 1379 Fit
442 1347 481 1376 et
505 1351 579 1388 per
598 1351 738 1387 casuS,
765 1345 810 1377 ut
834 1338 952 1387 (Aen.
980 1340 1017 1386 ὖ,
1045 1338 1135 1386 461)
1161 1341 1169 1355 ‘
1191 1343 1289 1375 tunc
1311 1343 1430 1386 pater
1455 1338 1618 1375 Aeneas

93 1408 319 1458 procedere
346 1406 513 1456 longius
542 1407 624 1444 iras
651 1412 691 1443 ct
721 1404 881 1443 saevire
910 1403 1060 1443 animis
1081 1405 1116 1451 ';
1159 1404 1242 1442 iras
1270 1418 1347 1455 pro
1375 1406 1434 1442 ira
1461 1403 1615 1454 posuit,

95 1475 246 1514 animis
267 1487 345 1524 pro
363 1473 515 1512 animo.
577 1471 644 1510 21.
679 1473 744 1510 Fit
766 1479 806 1510 et
828 1485 900 1522 per
922 1481 1125 1521 tempora,
1151 1479 1196 1510 ut
1221 1472 1338 1522 (Geo.
1367 1472 1403 1519 2,
1433 1472 1469 1522 1)
1496 1473 1503 1487 ‘
1524 1472 1619 1508 hac-

95 1550 218 1581 tenus
243 1555 438 1580 arvorum
465 1541 602 1579 cultus
629 1548 669 1578 ct
697 1541 832 1578 sidera
859 1538 976 1587 caeli,
1007 1552 1116 1578 nune
1142 1546 1195 1586 te,
1229 1539 1406 1588 Bacche,
1435 1535 1616 1577 canam.'

98 1609 332 1648 Praeterito
364 1616 404 1646 et
438 1609 647 1659 praesenti
684 1615 872 1656 tempore
907 1606 1121 1646 subiunxit
1155 1619 1316 1645 canam.
1379 1603 1445 1642 22.
1480 1604 1545 1643 Fit
1580 1610 1620 1642 et

97 1690 170 1727 per
200 1689 418 1726 personas,
454 1683 498 1714 ut
529 1675 648 1725 (Aen.
687 1678 725 1723 3,
762 1674 854 1723 408)
892 1674 1029 1712 ‘hunc
1063 1672 1162 1712 socii
1196 1686 1353 1711 morem
1389 1683 1618 1718 sacrorum,

97 1746 209 1784 hunc
233 1745 321 1794 ipse
347 1750 490 1782 teneto
510 1743 544 1789 ’ς
585 1742 732 1780 tertiae
757 1743 867 1780 enim
892 1749 932 1780 et
960 1741 1170 1780 secundae
1194 1753 1398 1791 personae
1424 1739 1616 1778 occurrit.

99 1810 165 1849 23.
215 1812 261 1848 In
305 1812 455 1848 Exodo
494 1823 572 1859 pro
610 1809 752 1847 multis
794 1822 904 1848 unus
944 1808 1014 1859 (cf.
1061 1808 1186 1846 Num.
1235 1809 1297 1850 21,
1345 1808 1381 1856 7)
1426 1810 1526 1845 ‘ora
1569 1808 1619 1844 ad

101 1878 330 1917 Dominum
356 1884 400 1916 ut
429 1877 593 1915 auferat
621 1889 644 1913 a
674 1876 795 1914 nobis
821 1876 1089 1924 serpentem,'
1121 1888 1196 1924 pro
1225 1872 1489 1923 serpentibus
1517 1886 1623 1922 quas

100 1945 338 1996 patiebatur
376 1945 566 1994 populus.
628 1941 694 1980 24.
731 1944 784 1980 Et
822 1955 899 1992 pro
933 1955 1019 1980 uno
1055 1941 1187 1987 multi,
1229 1949 1272 1979 ut
1312 1941 1350 1978 in
1391 1941 1622 1991 Evangelio

100 2014 300 2052 defuncto
341 2013 507 2050 Herode
545 2011 703 2050 dictum
740 2016 802 2048 est
843 2009 964 2058 (Mat.
1009 2009 1046 2056 2,
1091 2009 1154 2057 20)
1197 2008 1379 2046 ‘mortui
1419 2015 1516 2046 sunt
1555 2006 1623 2056 qui

100 2081 357 2131 quaerebant
383 2076 565 2117 animam
591 2077 738 2127 puc1·i.’
802 2077 854 2114 Et
880 2076 1035 2114 Paulus
1060 2077 1277 2125 apostolus
1305 2077 1342 2113 in
1369 2074 1547 2124 epistola
1572 2075 1624 2112 ad

106 2149 338 2193 Hebraeos,
372 2159 500 2195 quum
534 2151 773 2183 sanctorum
807 2144 1029 2193 passiones
1059 2142 1271 2187 scriberet,
1305 2142 1411 2180 dixit
1443 2141 1524 2192 (11,
1559 2141 1623 2190 37)

105 2214 293 2264 ‘lapidati
317 2219 428 2260 sunt,
454 2213 646 2261 temptati
672 2218 783 2260 sunt,
811 2211 911 2248 secti
936 2217 1047 2258 sunt,
1077 2211 1114 2247 in
1138 2207 1345 2247 occisione
1368 2209 1496 2259 gladii
1520 2219 1628 2245 mor-

103 2282 163 2321 tui
191 2282 318 2327 sunt‚'
347 2294 478 2328 quum·
503 2279 798 2318 tantummodo
825 2277 994 2316 Esaiam
1021 2277 1272 2326 proplietam
1296 2283 1454 2314 sectum
1487 2274 1626 2313 Iudaei

107 2432 144 2464 fit
168 2442 274 2472 quum
299 2432 390 2469 (cum
418 2430 457 2470 F)
483 2430 508 2460 F
534 2429 613 2460 GL:
651 2436 683 2460 et
709 2431 751 2460 al.
777 2429 813 2460 fit
839 2436 874 2459 ut
902 2428 951 2458 E:
991 2429 1074 2459 itt-m
1097 2428 1256 2458 silis-nisis
1281 2434 1329 2457 ost
1356 2437 1432 2457 cum
1461 2427 1496 2457 Ῑ..
1546 2426 1629 2456 adli-

108 2492 235 2527 quatur
263 2485 302 2516 Ε.
359 2483 412 2517 15.
443 2493 491 2515 ost
522 2492 556 2515 ut
584 2492 650 2515 uto.
683 2484 720 2514 E.
777 2481 830 2515 16.
862 2490 895 2513 ut
924 2483 1140 2521 evangelium
1168 2482 1249 2512 dicit
1281 2482 1318 2512 1..
1374 2482 1449 2511 lesu
1481 2481 1518 2511 L.
1573 2479 1626 2512 17-

106 2543 187 2571 afim
213 2540 239 2570 L
263 2541 333 2578 (the
355 2539 502 2579 Spanish
529 2538 820 2577 autom-symbol).
869 2537 967 2567 mult.
992 2547 1050 2576 per
1073 2544 1148 2574 gon.
1178 2535 1205 2566 E
1231 2535 1309 2566 GL:
1347 2546 1405 2575 per
1429 2542 1505 2574 gen.
1531 2535 1627 2564 rnult.

110 2593 159 2624 L:
197 2594 294 2624 mult.
323 2594 404 2632 (om.
434 2596 520 2633 μς.)
549 2593 585 2623 F.
648 2590 701 2623 18.
729 2590 801 2631 per]
827 2601 888 2630 pro
916 2590 972 2620 El.
1035 2587 1087 2622 19.
1116 2590 1169 2620 Fit
1195 2595 1226 2620 et
1254 2600 1311 2629 per
1340 2589 1376 2619 F.
1438 2586 1494 2620 21.
1520 2594 1627 2628 praet.

109 2648 214 2689 igitur
230 2654 264 2679 et
286 2647 324 2678 L.
370 2648 525 2678 subvexit
552 2647 587 2677 1,.
645 2644 700 2677 22.
727 2655 785 2685 per
809 2656 874 2675 om.
902 2644 939 2674 E.
987 2644 1269 2675 tertiae—teneto
1289 2653 1357 2673 om.
1385 2643 1422 2673 F.
1479 2640 1534 2674 23.
1562 2653 1629 2672 om.

112 2702 138 2733 L
169 2702 252 2741 (non
285 2702 367 2742 GL).
424 2700 613 2732 Dominum
648 2700 696 2729 F:
745 2699 856 2729 Deum
892 2698 930 2729 Ε.
999 2696 1052 2729 24.
1080 2697 1232 2728 defuncti
1264 2697 1355 2727 enim
1390 2702 1469 2727 sunt
1502 2697 1560 2736 qui
1592 2696 1628 2726 F.

109 2756 213 2798 fipsls‚
241 2755 334 2797 epsla
362 2755 432 2794 (the
460 2755 629 2785 favourite
656 2753 803 2793 Spanish
831 2752 996 2793 symbols)
1026 2751 1062 2782 F.
1113 2752 1199 2782 dixit
1226 2750 1308 2781 EL:
1349 2751 1396 2782 ait
1423 2750 1461 2780 F.
1509 2761 1576 2782 sec.
1603 2760 1630 2781 s.
