1882 3032
198 128 249 165 38
757 128 780 178 J
784 129 898 169 uliam
927 142 949 165 0
952 129 972 178 f
1003 129 1156 166 Totedo

195 250 204 265 ‘
225 248 444 285 abundat.'
507 248 611 286 Item
640 252 648 265 ⁶
669 261 770 286 cave
796 249 908 286 illum
934 248 1030 298 quia
1057 250 1190 287 bonus
1217 257 1281 287 est
1306 250 1462 296 homo‚’
1492 263 1569 299 pro
1592 250 1714 289 malo.

193 313 259 352 88.
293 316 500 365 Aenigma
537 322 600 352 est
638 317 816 354 obscura
856 315 1138 365 intellegentia
1176 329 1248 364 per
1285 318 1491 355 occultam
1532 316 1718 355 similitu-

193 382 329 419 dinem
366 396 516 431 rerum,
555 392 600 421 ut
637 386 799 420 ‘mater
834 397 897 420 me
932 383 1092 433 genuit,
1131 385 1276 421 cadem
1311 396 1407 421 mox
1444 384 1634 433 gignitur
1668 398 1719 423 ex

194 451 314 495 me’;
369 463 497 498 quum
539 449 745 500 significet
786 463 941 499 aquam
982 452 1020 489 in
1061 451 1239 501 glaciem
1281 464 1547 489 concrescere
1589 460 1628 490 et
1669 465 1718 489 ex

193 518 340 554 eodem
367 530 510 555 rursus
538 518 715 555 effluere.
776 516 842 554 89.
875 517 1083 566 Aenigma
1110 526 1173 555 est
1200 520 1377 557 obscura
1405 519 1606 567 parabula
1634 519 1720 557 sive

192 586 468 622 obumbratus
501 598 650 622 sensus
681 586 749 634 qui
781 585 943 622 difficile
975 585 1230 634 intellegitur
1263 585 1340 623 nisi
1373 585 1598 634 aperiatur.
1663 587 1720 623 Ut

193 659 255 689 est
280 652 375 690 illud
402 652 553 689 Esaiae
580 652 807 700 prophetae
835 653 915 701 (66,
945 652 982 702 7)
1011 654 1018 667 ‘
1040 659 1264 701 antequam
1292 652 1515 703 parturiret
1541 651 1716 703 peperit,

193 726 232 757 et
261 726 488 768 antequam
518 719 675 757 veniret
706 726 851 768 partus
880 718 969 756 eius
999 719 1159 768 peperit
1187 721 1418 757 masculum
1443 721 1477 767 '3
1520 723 1630 770 quod
1661 721 1718 759 sic

196 785 476 835 intellegitur:
523 793 747 834 antequam
792 785 1007 823 Christum
1051 786 1187 835 Virgo
1229 787 1452 835 parsuriret
1496 787 1536 825 in
1578 800 1715 834 carne,

191 855 336 906 genuit
369 869 462 893 eum
497 854 621 893 Pater
655 857 693 892 in
725 855 969 902 divinitate;
1016 864 1055 893 et
1087 862 1312 904 antequam
1346 865 1510 905 tempus
1541 857 1720 908 parturi-

191 924 284 961 endi
311 922 485 970 veniret,
514 921 660 973 genuit
686 936 780 961 eum
808 922 896 961 sine
922 930 1109 972 tempore
1138 925 1274 961 Pater.
1337 922 1402 960 90.
1439 925 1542 962 Item
1571 925 1718 975 (Iudic.

194 992 256 1036 14,
299 990 361 1039 14)
402 992 481 1028 ‘de
517 991 762 1028 comedente
799 990 926 1027 exivit
963 990 1095 1038 cibus,
1135 998 1176 1028 et
1211 993 1260 1029 de
1299 990 1407 1030 forte
1445 1004 1617 1041 egressa
1655 998 1720 1030 est

191 1059 398 1105 dulcedo‚'
427 1056 670 1108 significans
694 1071 744 1095 ex
768 1070 838 1095 ore
863 1057 995 1095 leonis
1016 1058 1159 1095 favum
1183 1058 1457 1096 abstractum.
1506 1056 1572 1096 91.
1607 1059 1722 1097 Inter

192 1125 436 1175 allegoriam
468 1132 609 1163 autem
642 1131 682 1162 et
714 1124 911 1174 aenigma
941 1126 1022 1164 hoc
1051 1124 1224 1162 interest
1255 1127 1366 1174 quod
1398 1125 1623 1174 allegoriae
1656 1124 1719 1164 vis

190 1193 360 1243 gemina
396 1199 458 1231 est
494 1200 536 1231 et
570 1194 648 1230 sub
683 1205 748 1230 res
784 1192 888 1230 alias
924 1193 1035 1231 aliud
1072 1192 1303 1242 figuraliter
1339 1192 1507 1230 indicat.
1603 1192 1720 1231 Sicut

194 1262 311 1299 Isaac
354 1262 405 1298 ad
447 1259 695 1299 sacrificium
739 1262 889 1298 ductus
932 1259 1197 1310 significabat
1238 1259 1438 1298 humilem
1476 1260 1717 1307 Christum;

190 1327 298 1365 aries
324 1341 402 1377 pro
426 1340 478 1366 eo
504 1327 743 1364 immolatus
772 1326 987 1365 Christum
1017 1340 1202 1377 passum.
1266 1325 1331 1363 92.
1366 1328 1470 1365 Item
1501 1329 1540 1366 in
1571 1328 1721 1365 Exodo

191 1395 315 1444 virga
353 1395 392 1432 in
436 1401 687 1443 serpentem,
732 1393 948 1432 Christum
989 1394 1029 1433 in
1069 1400 1228 1441 morte3
1285 1407 1457 1443 serpens
1499 1395 1538 1432 in
1580 1393 1715 1443 virga,

190 1463 404 1500 Christum
440 1469 535 1511 post
572 1469 749 1499 mortem
784 1474 1049 1499 reversurum
1084 1464 1136 1501 ad
1171 1460 1394 1510 pristinam
1427 1462 1544 1510 regni
1581 1467 1720 1511 potes—

191 1537 335 1576 tatem,
364 1536 404 1568 et
429 1536 579 1569 cetera.
637 1526 702 1565 93.
735 1528 942 1579 Aenigma
967 1541 1068 1566 vero
1089 1536 1155 1567 est
1181 1542 1329 1567 sensus
1355 1530 1559 1567 obscurus
1582 1536 1623 1566 et
1646 1541 1720 1578 per

189 1599 398 1647 quasdam.
435 1597 640 1647 imagines
680 1596 968 1643 adumbratus,
1011 1596 1169 1635 habens
1209 1603 1281 1634 aut
1321 1596 1360 1633 in
1402 1596 1612 1635 sententia
1647 1597 1719 1634 ob-

191 1678 358 1703 scurum
389 1665 643 1702 intellectum
674 1670 745 1701 aut
775 1676 847 1712 per
877 1662 1170 1702 similitudines
1199 1663 1324 1700 alium
1356 1676 1538 1701 sensum.
1603 1663 1719 1701 Sicut

190 1740 290 1782 puta
344 1731 655 1781 (Physiologffl)
711 1732 872 1769 ‘fertur
923 1732 1054 1768 leonis
1106 1731 1270 1768 catulus
1323 1731 1534 1769 dormiens
1587 1730 1718 1780 patris

192 1799 358 1837 fremitu
397 1798 646 1845 suscitari';
697 1802 807 1846 quod
847 1798 1024 1836 refertur
1063 1801 1113 1837 ad
1152 1798 1498 1836 resurrectionem
1536 1797 1717 1844 Christi;

191 1874 286 1917 post
324 1879 517 1905 somnum
556 1866 703 1903 mortis
742 1865 1038 1903 resuscitatum
1077 1864 1265 1915 potentia
1305 1865 1457 1915 Patris,
1500 1872 1540 1903 et
1578 1872 1718 1903 cetera

193 1935 346 1972 similia
387 1936 438 1972 ad
481 1946 618 1972 mores
660 1932 875 1970 hominum
918 1932 1184 1981 pertinentia.
1283 1931 1348 1969 94.
1382 1931 1717 1970 Charientismos

191 2009 336 2051 tropus
363 2008 427 2039 est
455 2014 539 2050 quo
566 2003 668 2039 dura
698 2001 809 2039 dictu
838 1999 1004 2051 gratius
1032 2000 1316 2050 proferuntur,
1348 2001 1407 2038 uti
1436 2012 1564 2048 quum
1594 1999 1720 2037 inter-

191 2069 439 2119 rogantibus
478 2067 599 2105 nobis
637 2068 837 2117 numquid
874 2081 954 2106 nos
990 2066 1217 2117 quaesierit
1255 2067 1404 2116 aliquis
1443 2067 1719 2116 respondetur

193 2137 339 2174 ‘Bona
380 2136 623 2182 Fortuna'3
678 2136 785 2172 unde
826 2134 1080 2184 intellegitur
1121 2133 1327 2172 neminem
1366 2148 1443 2172 nos
1483 2132 1712 2183 quaesisse.

190 2203 255 2242 95.
289 2203 507 2241 Paroemia
536 2208 600 2242 est
627 2203 999 2240 adcommodatum
1027 2203 1150 2240 rebus
1180 2201 1523 2250 temporibusque
1550 2213 1720 2251 prover-

191 2273 318 2322 bium,
357 2278 400 2310 ut
437 2272 669 2308 ‘adversus
707 2269 919 2307 stimulum
955 2270 1148 2316 calces‘;
1197 2277 1237 2307 et
1276 2270 1426 2319 ‘lupus
1463 2269 1502 2307 in
1540 2268 1713 2306 fabula.’

188 2371 240 2401 bo.
264 2369 318 2399 ho.
342 2375 392 2399 est
413 2368 463 2398 E:
500 2369 552 2398 bo.
576 2375 625 2399 est
648 2368 684 2397 F.
729 2366 781 2399 88.
811 2369 1045 2409 intellegentia
1066 2369 1147 2399 FL:
1182 2370 1351 2400 sententia
1373 2369 1400 2399 E
1423 2369 1475 2400 Gl.
1521 2369 1717 2409 significant

190 2424 215 2454 L
236 2426 317 2462 (non
338 2424 419 2463 GL).
463 2420 517 2455 89.
539 2422 718 2453 Christum
739 2433 805 2452 om.
829 2422 868 2453 E.
911 2423 1031 2463 genuit
1049 2422 1107 2453 EL
1129 2422 1182 2454 Gl.
1202 2434 1208 2453 :
1241 2423 1370 2463 peperit
1391 2423 1427 2452 F.
1472 2429 1552 2453 tem.
1574 2423 1717 2463 virginis

191 2483 278 2518 part.
298 2477 335 2508 Ε.
376 2478 434 2507 Pa.
451 2488 477 2507 s.
496 2484 517 2506 t.
537 2476 562 2505 L
578 2478 659 2515 (non
676 2477 756 2516 GL).
794 2475 848 2508 90.
871 2478 1085 2507 abstractum
1102 2477 1170 2508 FL.
1206 2483 1400 2508 extractum
1415 2476 1443 2506 E
1459 2476 1512 2507 Gl.
1550 2475 1604 2508 91.
1629 2477 1716 2507 Item

189 2533 244 2563 all.
270 2532 308 2562 E.
356 2535 437 2562 afim
463 2532 500 2561 L.
549 2542 601 2561 res
625 2531 716 2562 arias
740 2531 778 2561 Ε.
827 2531 1140 2562 aries—Christum
1164 2542 1231 2561 om.
1259 2531 1298 2562 E.
1325 2529 1378 2562 92.
1408 2537 1553 2562 mortem
1577 2531 1636 2561 EF
1661 2531 1714 2562 Gl.

188 2587 322 2626 virgam
348 2585 418 2615 EF.
476 2584 529 2617 93.
559 2585 819 2615 similitudinem
845 2585 993 2624 aliquem
1018 2596 1065 2616 se.
1093 2585 1119 2614 L
1144 2586 1228 2623 (non
1252 2584 1332 2623 GL).
1381 2585 1601 2615 resuscitati?
1660 2583 1713 2616 9⁴.

189 2641 232 2672 cf.
256 2641 369 2671 Amer.
392 2640 512 2678 Journ.
539 2639 624 2670 I'hil.
648 2638 702 2675 37,
723 2638 778 2670 37.
823 2646 874 2670 cst
896 2645 1013 2678 tropus
1038 2639 1064 2668 E
1087 2639 1139 2669 Gl.
1186 2639 1382 2669 referuntur
1405 2639 1443 2669 Ε.
1488 2644 1525 2669 ut
1544 2649 1651 2679 quum
1675 2639 1712 2669 E.

191 2695 356 2734 numquid
382 2693 464 2723 EL:
505 2700 621 2723 utrum
650 2693 687 2723 F.
738 2693 780 2723 al.
810 2704 866 2732 qu.
896 2693 922 2722 F
949 2696 1028 2730 (non
1058 2692 1139 2731 GL).
1192 2704 1252 2723 nos
1278 2703 1344 2723 om.
1373 2693 1412 2723 E.
1475 2691 1528 2725 95.
1558 2693 1634 2724 Par.
1665 2699 1716 2723 est

189 2749 313 2779 cremia
339 2748 411 2778 adc.
442 2748 480 2778 E.
530 2748 694 2778 adversus
722 2747 746 2776 F
772 2747 836 2777 Gl:
877 2748 1059 2777 adversum
1087 2747 1155 2777 EL.
1218 2746 1272 2780 96.
1299 2750 1434 2791 contra]
1460 2751 1548 2781 inter
1574 2751 1632 2781 EF
1659 2751 1713 2782 Gl.
