1846 3017
674 129 815 178 Julian
843 130 889 178 os
919 130 1072 168 Toledo
1585 132 1633 170 ⁴2¹3

113 248 263 288 Cicero
296 251 304 265 ⁴
324 249 439 288 abire
472 262 524 287 an
559 249 677 287 obire
709 257 751 287 te
781 249 1006 288 convenit?
1027 251 1035 265 ’
1075 251 1112 288 id
1148 258 1212 288 est
1246 251 1408 289 exulem
1444 251 1529 290 fieri
1565 257 1636 289 aut

115 314 232 353 mori.
299 316 402 353 Item
425 315 513 364 ipse
534 319 541 332 ⁸
561 316 629 364 qui
654 317 770 354 locus
792 316 1149 365 religiosissimus,
1176 317 1241 354 hic
1261 318 1338 356 erit
1362 319 1478 356 locus
1497 319 1636 356 (leser-

113 381 332 421 tissimus.'
411 384 516 421 Item
561 385 629 420 ‘et
670 382 864 421 custodia
904 396 1133 432 sacrorum,
1178 397 1258 422 non
1301 385 1518 432 honorum,
1565 385 1636 422 sed

114 450 283 488 honoris
309 462 332 487 a
358 462 486 488 causa
512 449 852 488 existimabitur.'
913 448 979 487 30.
1016 451 1080 488 Fit
1109 457 1248 490 autem
1278 453 1571 501 paronomasia
1597 458 1636 490 et

116 529 188 565 per
211 516 387 554 litteram
411 518 610 562 demtam,
637 524 680 555 ut
705 517 800 555 illud
825 521 832 533 ⁸
852 530 933 555 non
957 531 1106 556 nomen
1132 519 1255 556 habet
1280 519 1360 556 ista
1384 520 1454 556 sed
1477 520 1631 556 omen.’

113 581 180 621 31.
213 584 296 621 Aut
332 596 404 632 per
439 581 618 621 litteram
655 591 973 631 commutatam,
1011 592 1054 623 ut
1095 584 1325 634 ‘sapientis
1362 598 1506 623 mensa
1541 598 1638 624 con-

113 650 284 699 vivium,
319 651 434 689 stulti
466 651 694 689 convitium
725 652 822 689 est.'
881 649 947 688 32.
982 652 1149 689 Schesis
1180 660 1406 690 onomaton
1441 661 1503 691 est
1536 653 1638 691 mul-

114 717 249 757 titudo
288 718 501 756 nominum
540 718 856 758 coniunctorum
895 721 1076 766 quodam
1117 721 1275 758 ambitu
1315 720 1551 768 copulandi,
1594 728 1637 757 ut

115 784 294 835 (Ennius
335 785 440 822 Ann.
487 785 576 833 276)
619 787 789 823 ‘Marsa
831 799 993 833 manus,
1040 786 1213 835 Peligna
1252 787 1416 833 cohors,
1462 787 1636 824 Vestina

114 851 248 890 virum
289 851 384 890 vis.’
462 853 566 890 Item
611 852 794 900 ‘nubila‚
838 852 923 901 nix,
965 854 1144 903 grando,
1189 854 1406 902 procellae,
1453 852 1635 899 flumina,

113 919 258 958 venti.’
323 919 428 959 Item
453 919 598 970 (Trag.
633 920 680 957 fr.
699 920 732 969 Ρ)
762 923 770 937 ⁴
795 920 938 967 imber,
969 927 1128 967 aestus,
1158 920 1242 968 nix,
1273 920 1436 970 pruina,
1467 921 1570 960 silva
1599 927 1637 958 et

116 999 231 1030 aura,
277 999 373 1033 nox,
419 986 540 1024 dies.'
619 987 721 1024 Item
752 986 1009 1035 ‘providula,
1057 977 1187 1036 larga,
1234 989 1392 1033 sollers,
1440 988 1633 1033 facunda,

116 1056 297 1094 decora.'
363 1056 465 1093 Item
496 1056 670 1106 (Auson.
707 1056 850 1106 Epigr.
888 1057 950 1104 70,
984 1057 1020 1105 2)
1055 1057 1162 1103 ‘ius‚
1196 1070 1318 1106 aqua,
1351 1058 1444 1103 mel,
1475 1057 1632 1103 vinum,

114 1122 248 1172 panis,
288 1122 418 1174 piper,
459 1123 601 1172 herba,
639 1123 792 1171 oleum,
834 1122 922 1161 sal!
983 1121 1049 1160 33.
1083 1123 1373 1163 Parhomoeon
1410 1132 1474 1162 est
1510 1137 1638 1173 quum

114 1191 168 1229 ab
198 1190 328 1228 isdem
359 1189 509 1228 litteris
539 1189 705 1230 diversa
734 1191 861 1229 verba
893 1196 1130 1239 sumuntur,
1165 1198 1209 1230 ut
1242 1191 1365 1240 (Enn.
1403 1192 1508 1230 Ann.
1548 1190 1638 1240 109)

117 1260 172 1296 ‘o
195 1257 289 1296 Tite
314 1264 405 1297 tute
427 1257 523 1296 Tati
550 1258 623 1297 tibi
650 1264 768 1296 tanta
794 1265 971 1308 tyranne
998 1258 1160 1296 tulisti.‘
1221 1256 1288 1296 311.
1322 1259 1403 1298 Sed
1431 1259 1537 1297 bene
1562 1259 1640 1297 hoe

115 1331 320 1375 temperat
354 1324 581 1375 VergiliuS,
618 1327 716 1364 dum
752 1338 834 1365 non
868 1332 961 1364 toto
992 1338 1115 1364 versu
1151 1325 1282 1365 utitur
1314 1326 1392 1364 hac
1426 1326 1559 1375 figura
1595 1331 1639 1364 ut

116 1392 292 1440 Ennius,
320 1396 392 1433 sed
416 1406 525 1432 nunc
550 1394 589 1431 in
615 1391 833 1442 principio,
859 1405 969 1432 nunc
992 1393 1031 1430 in
1058 1393 1149 1430 fine.
1214 1393 1271 1430 Ut
1295 1400 1392 1431 sunt
1416 1393 1455 1430 hi
1477 1406 1485 1430 :
1516 1392 1634 1444 (Aen.

118 1461 154 1507 1,
190 1460 282 1511 295)
319 1462 327 1476 ‘
348 1473 476 1499 saeva
506 1461 656 1499 sedens
690 1473 814 1509 super
846 1473 962 1499 arma
994 1467 1036 1498 et
1067 1466 1234 1498 centum
1268 1460 1433 1498 vinctus
1466 1459 1638 1506 aenis’;

115 1527 214 1566 item
236 1528 275 1566 in
296 1528 376 1566 fine
398 1528 518 1578 (Aen.
544 1531 582 1577 3,
609 1528 699 1578 183)
722 1531 730 1545 ‘
752 1528 841 1566 sola
862 1527 961 1566 mihi
983 1526 1089 1566 tales
1109 1540 1235 1567 casus
1256 1527 1499 1566 Cassandra
1518 1539 1640 1565 cane-

114 1596 218 1634 bat.’
310 1593 376 1633 35.
412 1596 756 1644 Homoeoptoton
793 1602 856 1634 est
893 1607 1024 1644 quum
1057 1595 1096 1633 in
1134 1593 1292 1634 similes
1326 1607 1450 1633 casus
1485 1599 1639 1632 exeunt

113 1663 242 1702 verba
274 1662 454 1710 diversa,
491 1669 536 1700 ut
571 1661 693 1713 (Enn.
733 1663 838 1700 Ann.
880 1661 970 1711 103)
1007 1663 1015 1677 ‘
1037 1668 1285 1710 maerentes,
1323 1662 1484 1710 flentes,
1523 1659 1640 1700 lacri-

114 1735 293 1780 mantes,
323 1728 686 1768 conmiserantes.‘
751 1730 857 1767 Item¹
885 1728 1002 1779 (Aen.
1040 1729 1101 1775 12,
1135 1729 1225 1778 903)
1258 1730 1358 1768 ‘sed
1387 1740 1520 1776 neque
1548 1742 1638 1767 cur—

114 1803 272 1836 rentem
299 1810 343 1835 se
371 1809 446 1835 nec
471 1797 691 1847 cognoscit
717 1803 897 1843 euntem,
930 1796 1226 1843 tollentemque
1252 1808 1377 1834 manu
1407 1807 1639 1843 saxumque

114 1865 281 1904 inmane
307 1864 574 1903 moventem.’
636 1865 740 1902 Item
767 1865 915 1902 Cicero
943 1863 1052 1914 (Cat.
1086 1863 1123 1913 2,
1157 1863 1192 1913 1)
1225 1863 1438 1911 ‘tandem,
1469 1863 1638 1900 tandem

112 1932 352 1983 aliquando,
378 1931 579 1982 Quirites,
608 1930 781 1970 Lucium
805 1929 1030 1970 Catilinam
1053 1931 1262 1969 furentem
1284 1929 1475 1978 audacia,
1503 1931 1637 1968 scelus

101 2001 393 2048 anhelantem,
440 2006 599 2049 pestem
644 1998 805 2049 patriae
850 1997 1006 2036 nefarie
1051 1997 1302 2043 molientem,
1348 1995 1468 2034 vob-is
1511 2002 1637 2044 atque

113 2067 209 2107 huie
236 2067 326 2106 urbi
358 2069 469 2105 ferro
499 2067 749 2115 flammaque
780 2065 1038 2103 minantem)
1099 2063 1165 2102 36.
1202 2065 1420 2102 Homoeon
1452 2063 1636 2101 teleuton

112 2141 176 2172 est
211 2147 340 2184 quum
377 2133 498 2172 simili
537 2135 662 2171 modo
696 2132 901 2172 d=ict10nes
936 2132 1137 2182 plurimae
1175 2130 1386 2179 finiuntur,
1426 2138 1472 2169 ut
1508 2130 1631 2181 (Enn.

109 2217 251 2247 —exist.
279 2227 346 2247 om.
378 2217 402 2246 L
428 2218 509 2254 (non
537 2216 618 2255 Gt).
668 2217 860 2247 custodiam
888 2226 1064 2246 sacrarum
1094 2215 1132 2245 Ε.
1193 2213 1246 2246 30.
1276 2221 1390 2245 autc-m
1417 2224 1483 2244 om.
1515 2213 1552 2243 L.
1603 2219 1635 2243 et

111 2280 179 2302 om.
207 2271 242 2301 L.
289 2271 352 2301 iste
376 2271 431 2301 sed
457 2282 487 2301 o.
513 2271 567 2301 ha.
596 2270 620 2300 L
645 2274 725 2308 (non
752 2270 834 2308 GL).
892 2268 947 2302 31.
978 2270 1017 2299 Et
1043 2280 1100 2309 per
1127 2269 1164 2299 L.
1214 2267 1264 2308 ut]
1288 2275 1321 2299 ct
1346 2267 1383 2298 E.
1432 2267 1568 2307 sapiens
1596 2267 1633 2297 L.

113 2325 208 2356 stulti
230 2325 255 2355 L
273 2336 279 2355 ε
301 2325 403 2355 saluti
425 2325 482 2354 EF
502 2325 554 2355 Gl.
575 2325 608 2363 (a
627 2325 764 2355 ‹furious
783 2334 876 2354 error
894 2324 930 2353 ‹›f
949 2323 1004 2354 the
1023 2323 1215 2362 archetype.
1253 2322 1400 2362 Spanish
1423 2326 1432 2352 t
1454 2322 1635 2354 resembles

111 2379 156 2418 a).
219 2377 271 2410 32.
299 2379 386 2410 coni.
414 2389 504 2419 quae
527 2389 583 2418 qu.
613 2378 649 2408 L.
697 2379 786 2418 quod
814 2378 946 2408 ambitu
975 2377 1043 2407 El:
1080 2377 1230 2417 quodam
1256 2376 1374 2406 habitu
1405 2375 1430 2405 L
1456 2376 1537 2413 (non
1565 2374 1632 2410 Gl).

111 2433 271 2473 copulata
296 2432 349 2463 Gl.
397 2440 433 2463 ut
458 2443 524 2462 om.
554 2432 591 2462 E.
640 2439 767 2470 magna
792 2442 884 2462 man.
911 2432 1005 2461 codd.
1057 2431 1184 2461 festinw
1206 2430 1300 2460 codd.
1328 2430 1361 2466 (a
1387 2429 1534 2469 Spanish
1559 2429 1636 2459 sub-

112 2487 269 2517 stitution
293 2486 362 2525 off
383 2487 434 2517 sor
455 2490 499 2525 v).
548 2487 632 2516 silva
654 2485 700 2525 vt]
723 2487 771 2516 sol
793 2487 876 2516 ‹·t??
923 2485 1002 2515 item
1028 2484 1276 2515 nub.—‹lccora
1301 2494 1368 2513 om.
1397 2483 1422 2513 L
1446 2483 1525 2521 (non
1553 2482 1633 2522 GL).

111 2541 259 2580 procella
290 2541 326 2570 F.
378 2541 452 2571 The
480 2543 555 2580 pro-
583 2546 741 2579 suggests
771 2546 804 2570 to
834 2550 886 2569 mv
915 2550 957 2569 an
987 2539 1078 2577 early
1108 2544 1183 2578 poet
1214 2537 1398 2575 (EnniusP,
1431 2537 1633 2575 Lucilius&

114 2601 214 2626 extus
245 2595 282 2626 F.
341 2595 518 2635 providula
549 2594 575 2624 E
606 2594 685 2624 GL:
730 2594 869 2633 provida
901 2593 936 2622 F.
996 2593 1101 2622 solers
1134 2591 1190 2623 E2.
1249 2589 1302 2622 33.
1336 2597 1520 2621 sumuntur
1551 2590 1633 2620 EL:

117 2649 306 2689 iunguntur
330 2649 367 2680 F.
412 2647 466 2681 35.
492 2659 615 2678 manus
641 2648 676 2679 L.
724 2647 813 2688 Cio]
837 2647 1010 2687 Vergilius
1037 2646 1075 2684 L(
1092 2647 1116 2686 !)
1162 2645 1541 2675 Lucium-minantem
1567 2655 1633 2674 om.

119 2703 158 2742 L(
175 2704 199 2743 !)
241 2703 437 2743 famemque
462 2703 498 2732 F.
542 2700 596 2734 36,
621 2702 810 2733 similitudo
830 2701 908 2731 dict.
937 2701 972 2731 F.
1019 2700 1147 2730 fiuntur
1172 2699 1209 2730 E.
1255 2699 1398 2738 relinqui
1423 2709 1480 2729 reu
1504 2698 1558 2728 hei
1584 2698 1632 2728 E:

117 2757 306 2798 relinquere
334 2757 408 2787 vehi
436 2757 500 2795 (voi
529 2757 568 2797 F)
598 2756 676 2786 l‹'1.:
717 2756 773 2785 vix
801 2756 858 2786 rel.
890 2754 1013 2785 revehi.
1069 2754 1232 2784 abscessit
1261 2755 1365 2783 etiam
1393 2752 1474 2783 lsid.
1505 2752 1633 2793 (Etym.
