<?xml version="1.0" encoding="UTF-8"?>
<!DOCTYPE html PUBLIC "-//W3C//DTD XHTML 1.0 Transitional//EN"
    "http://www.w3.org/TR/xhtml1/DTD/xhtml1-transitional.dtd">
<html xmlns="http://www.w3.org/1999/xhtml" xml:lang="en" lang="en">
 <head>
  <title>
</title>
<meta http-equiv="Content-Type" content="text/html;charset=utf-8" />
  <meta name='ocr-system' content='tesseract 3.04.00' />
  <meta name='ocr-capabilities' content='ocr_page ocr_carea ocr_par ocr_line ocrx_word'/>
</head>
<body>
  <div class='ocr_page' id='page_1' title='image "./devitiisetfiguri00juliuoft_0041.png"; bbox 0 0 1846 3017; ppageno 0'>
   <div class='ocr_carea' id='block_1_1' title="bbox 659 138 1620 188">
    <p class='ocr_par' dir='ltr' id='par_1_1' title="bbox 659 138 1620 188">
     <span class='ocr_line' id='line_1_1' title="bbox 659 138 1620 188; baseline 0.001 -13"><span class='ocrx_word' id='word_1_1' title='bbox 659 138 800 188; x_wconf 81' lang='lat' dir='ltr'><strong><em>Julian</em></strong></span> <span class='ocrx_word' id='word_1_2' title='bbox 828 138 874 188; x_wconf 81' lang='lat' dir='ltr'>of</span> <span class='ocrx_word' id='word_1_3' title='bbox 904 138 1059 176; x_wconf 84' lang='lat' dir='ltr'>Toledo</span> <span class='ocrx_word' id='word_1_4' title='bbox 1570 143 1620 180; x_wconf 89' lang='lat'>35</span> 
     </span>
    </p>
   </div>
   <div class='ocr_carea' id='block_1_2' title="bbox 97 255 1634 2326">
    <p class='ocr_par' dir='ltr' id='par_1_2' title="bbox 97 255 1634 2326">
     <span class='ocr_line' id='line_1_2' title="bbox 100 255 1621 307; baseline 0.001 -12"><span class='ocrx_word' id='word_1_5' title='bbox 100 257 267 307; x_wconf 89' lang='lat' dir='ltr'>sapiens</span> <span class='ocrx_word' id='word_1_6' title='bbox 302 258 416 296; x_wconf 88' lang='lat' dir='ltr'>nullo</span> <span class='ocrx_word' id='word_1_7' title='bbox 450 257 605 295; x_wconf 87' lang='lat' dir='ltr'>mod0.&#39;</span> <span class='ocrx_word' id='word_1_8' title='bbox 667 255 732 294; x_wconf 86' lang='lat'>68.</span> <span class='ocrx_word' id='word_1_9' title='bbox 767 257 958 306; x_wconf 86' lang='lat' dir='ltr'>Longum</span> <span class='ocrx_word' id='word_1_10' title='bbox 996 258 1254 307; x_wconf 83' lang='lat' dir='ltr'>hyperbaton</span> <span class='ocrx_word' id='word_1_11' title='bbox 1292 266 1332 296; x_wconf 87' lang='lat' dir='ltr'>et</span> <span class='ocrx_word' id='word_1_12' title='bbox 1368 259 1621 296; x_wconf 81' lang='lat' dir='ltr'>obscurum!</span> 
     </span>
     <span class='ocr_line' id='line_1_3' title="bbox 100 323 1623 374; baseline 0.001 -11"><span class='ocrx_word' id='word_1_13' title='bbox 100 325 182 374; x_wconf 81' lang='lat' dir='ltr'>Qui</span> <span class='ocrx_word' id='word_1_14' title='bbox 212 325 288 364; x_wconf 86' lang='lat' dir='ltr'>hoc</span> <span class='ocrx_word' id='word_1_15' title='bbox 315 324 458 362; x_wconf 81' lang='lat' dir='ltr'>ordine</span> <span class='ocrx_word' id='word_1_16' title='bbox 486 323 663 373; x_wconf 84' lang='lat' dir='ltr'>patescit</span> <span class='ocrx_word' id='word_1_17' title='bbox 693 325 724 362; x_wconf 90' lang='lat' dir='ltr'>si</span> <span class='ocrx_word' id='word_1_18' title='bbox 756 337 944 362; x_wconf 80' lang='lat' dir='ltr'>removes</span> <span class='ocrx_word' id='word_1_19' title='bbox 971 326 1023 363; x_wconf 88' lang='lat' dir='ltr'>de</span> <span class='ocrx_word' id='word_1_20' title='bbox 1050 324 1188 363; x_wconf 87' lang='lat' dir='ltr'>medio</span> <span class='ocrx_word' id='word_1_21' title='bbox 1211 326 1350 365; x_wconf 89' lang='lat' dir='ltr'>omnia</span> <span class='ocrx_word' id='word_1_22' title='bbox 1378 333 1418 364; x_wconf 89' lang='lat' dir='ltr'>et</span> <span class='ocrx_word' id='word_1_23' title='bbox 1448 327 1554 366; x_wconf 88' lang='lat' dir='ltr'>inter</span> <span class='ocrx_word' id='word_1_24' title='bbox 1580 340 1623 365; x_wconf 92' lang='lat' dir='ltr'>se</span> 
     </span>
     <span class='ocr_line' id='line_1_4' title="bbox 100 390 1623 441; baseline 0.001 -12"><span class='ocrx_word' id='word_1_25' title='bbox 100 391 235 441; x_wconf 90' lang='lat' dir='ltr'>prima</span> <span class='ocrx_word' id='word_1_26' title='bbox 257 398 297 429; x_wconf 88' lang='lat' dir='ltr'>et</span> <span class='ocrx_word' id='word_1_27' title='bbox 321 398 534 441; x_wconf 89' lang='lat' dir='ltr'>postrema</span> <span class='ocrx_word' id='word_1_28' title='bbox 558 392 616 429; x_wconf 88' lang='lat' dir='ltr'>ita</span> <span class='ocrx_word' id='word_1_29' title='bbox 639 390 777 439; x_wconf 87' lang='lat' dir='ltr'>iungis</span> <span class='ocrx_word' id='word_1_30' title='bbox 798 405 805 428; x_wconf 93' lang='lat'>:</span> <span class='ocrx_word' id='word_1_31' title='bbox 848 404 954 440; x_wconf 87' lang='lat' dir='ltr'>quae</span> <span class='ocrx_word' id='word_1_32' title='bbox 978 391 1117 429; x_wconf 89' lang='lat' dir='ltr'>omnia</span> <span class='ocrx_word' id='word_1_33' title='bbox 1141 391 1331 441; x_wconf 83' lang='lat' dir='ltr'>quisquis</span> <span class='ocrx_word' id='word_1_34' title='bbox 1356 393 1412 431; x_wconf 88' lang='lat' dir='ltr'>ita</span> <span class='ocrx_word' id='word_1_35' title='bbox 1435 393 1623 432; x_wconf 82' lang='lat' dir='ltr'>dilexerit</span> 
     </span>
     <span class='ocr_line' id='line_1_5' title="bbox 102 457 1623 509; baseline 0.001 -13"><span class='ocrx_word' id='word_1_36' title='bbox 102 466 144 496; x_wconf 90' lang='lat' dir='ltr'>ut</span> <span class='ocrx_word' id='word_1_37' title='bbox 176 460 331 497; x_wconf 86' lang='lat' dir='ltr'>iactare</span> <span class='ocrx_word' id='word_1_38' title='bbox 359 472 403 496; x_wconf 91' lang='lat' dir='ltr'>se</span> <span class='ocrx_word' id='word_1_39' title='bbox 431 458 537 495; x_wconf 89' lang='lat' dir='ltr'>inter</span> <span class='ocrx_word' id='word_1_40' title='bbox 564 457 721 507; x_wconf 90' lang='lat' dir='ltr'>peritos</span> <span class='ocrx_word' id='word_1_41' title='bbox 751 459 847 497; x_wconf 83' lang='lat' dir='ltr'>velit</span> <span class='ocrx_word' id='word_1_42' title='bbox 877 465 916 496; x_wconf 89' lang='lat' dir='ltr'>et</span> <span class='ocrx_word' id='word_1_43' title='bbox 949 472 1028 496; x_wconf 93' lang='lat' dir='ltr'>non</span> <span class='ocrx_word' id='word_1_44' title='bbox 1061 457 1200 507; x_wconf 88' lang='lat' dir='ltr'>potius</span> <span class='ocrx_word' id='word_1_45' title='bbox 1228 472 1484 509; x_wconf 77' lang='lat' dir='ltr'>cognoscere</span> <span class='ocrx_word' id='word_1_46' title='bbox 1516 461 1623 497; x_wconf 89' lang='lat' dir='ltr'>unde</span> 
     </span>
     <span class='ocr_line' id='line_1_6' title="bbox 102 525 1624 573; baseline 0 -10"><span class='ocrx_word' id='word_1_47' title='bbox 102 526 184 563; x_wconf 87' lang='lat' dir='ltr'>sint</span> <span class='ocrx_word' id='word_1_48' title='bbox 220 538 332 571; x_wconf 81' lang='lat' dir='ltr'>vera,</span> <span class='ocrx_word' id='word_1_49' title='bbox 370 532 410 563; x_wconf 89' lang='lat' dir='ltr'>et</span> <span class='ocrx_word' id='word_1_50' title='bbox 446 528 497 564; x_wconf 87' lang='lat' dir='ltr'>ad</span> <span class='ocrx_word' id='word_1_51' title='bbox 535 525 657 563; x_wconf 84' lang='lat' dir='ltr'>unius</span> <span class='ocrx_word' id='word_1_52' title='bbox 697 525 772 562; x_wconf 90' lang='lat' dir='ltr'>Dci</span> <span class='ocrx_word' id='word_1_53' title='bbox 811 526 974 563; x_wconf 86' lang='lat' dir='ltr'>laudem</span> <span class='ocrx_word' id='word_1_54' title='bbox 1012 533 1137 573; x_wconf 84' lang='lat' dir='ltr'>atque</span> <span class='ocrx_word' id='word_1_55' title='bbox 1174 525 1436 564; x_wconf 86' lang='lat' dir='ltr'>dilectionem</span> <span class='ocrx_word' id='word_1_56' title='bbox 1475 534 1624 565; x_wconf 89' lang='lat' dir='ltr'>cuncta</span> 
     </span>
     <span class='ocr_line' id='line_1_7' title="bbox 100 592 1621 644; baseline 0 -14"><span class='ocrx_word' id='word_1_57' title='bbox 100 599 357 638; x_wconf 86' lang='lat' dir='ltr'>convertere,</span> <span class='ocrx_word' id='word_1_58' title='bbox 392 606 414 630; x_wconf 86' lang='lat' dir='ltr'>a</span> <span class='ocrx_word' id='word_1_59' title='bbox 445 605 530 641; x_wconf 85' lang='lat' dir='ltr'>quo</span> <span class='ocrx_word' id='word_1_60' title='bbox 558 599 706 630; x_wconf 88' lang='lat' dir='ltr'>cuncta</span> <span class='ocrx_word' id='word_1_61' title='bbox 739 604 830 630; x_wconf 84' lang='lat' dir='ltr'>esse</span> <span class='ocrx_word' id='word_1_62' title='bbox 861 592 1095 641; x_wconf 81' lang='lat' dir='ltr'>cognoscit,</span> <span class='ocrx_word' id='word_1_63' title='bbox 1129 595 1277 631; x_wconf 85' lang='lat' dir='ltr'>doctus</span> <span class='ocrx_word' id='word_1_64' title='bbox 1310 594 1436 631; x_wconf 90' lang='lat' dir='ltr'>videri</span> <span class='ocrx_word' id='word_1_65' title='bbox 1468 601 1621 644; x_wconf 84' lang='lat' dir='ltr'>potest,</span> 
     </span>
     <span class='ocr_line' id='line_1_8' title="bbox 101 657 1628 709; baseline 0.001 -12"><span class='ocrx_word' id='word_1_66' title='bbox 101 672 194 697; x_wconf 87' lang='lat' dir='ltr'>esse</span> <span class='ocrx_word' id='word_1_67' title='bbox 235 666 375 698; x_wconf 84' lang='lat' dir='ltr'>autem</span> <span class='ocrx_word' id='word_1_68' title='bbox 420 658 587 708; x_wconf 88' lang='lat' dir='ltr'>sapiens</span> <span class='ocrx_word' id='word_1_69' title='bbox 630 660 741 696; x_wconf 91' lang='lat' dir='ltr'>nullo</span> <span class='ocrx_word' id='word_1_70' title='bbox 785 661 921 697; x_wconf 89' lang='lat' dir='ltr'>modo.</span> <span class='ocrx_word' id='word_1_71' title='bbox 1009 657 1074 697; x_wconf 87' lang='lat'>69.</span> <span class='ocrx_word' id='word_1_72' title='bbox 1111 661 1350 709; x_wconf 88' lang='lat' dir='ltr'>Hyperbole</span> <span class='ocrx_word' id='word_1_73' title='bbox 1394 667 1456 698; x_wconf 90' lang='lat' dir='ltr'>est</span> <span class='ocrx_word' id='word_1_74' title='bbox 1499 659 1628 699; x_wconf 86' lang='lat' dir='ltr'>dictio</span> 
     </span>
     <span class='ocr_line' id='line_1_9' title="bbox 102 726 1625 777; baseline 0 -13"><span class='ocrx_word' id='word_1_75' title='bbox 102 727 225 765; x_wconf 85' lang='lat' dir='ltr'>fidem</span> <span class='ocrx_word' id='word_1_76' title='bbox 251 727 456 764; x_wconf 84' lang='lat' dir='ltr'>excedens</span> <span class='ocrx_word' id='word_1_77' title='bbox 486 727 665 775; x_wconf 87' lang='lat' dir='ltr'>augendi</span> <span class='ocrx_word' id='word_1_78' title='bbox 695 726 958 766; x_wconf 81' lang='lat' dir='ltr'>minuendive</span> <span class='ocrx_word' id='word_1_79' title='bbox 986 740 1126 765; x_wconf 87' lang='lat' dir='ltr'>causa.</span> <span class='ocrx_word' id='word_1_80' title='bbox 1191 727 1397 777; x_wconf 84' lang='lat' dir='ltr'>Augendi,</span> <span class='ocrx_word' id='word_1_81' title='bbox 1429 735 1472 766; x_wconf 94' lang='lat' dir='ltr'>ut</span> <span class='ocrx_word' id='word_1_82' title='bbox 1503 732 1511 745; x_wconf 84' lang='lat'>‘</span> <span class='ocrx_word' id='word_1_83' title='bbox 1533 727 1625 764; x_wconf 88' lang='lat' dir='ltr'>nive</span> 
     </span>
     <span class='ocr_line' id='line_1_10' title="bbox 100 792 1626 843; baseline -0.001 -12"><span class='ocrx_word' id='word_1_84' title='bbox 100 793 345 832; x_wconf 89' lang='lat' dir='ltr'>candidior.’</span> <span class='ocrx_word' id='word_1_85' title='bbox 410 793 638 840; x_wconf 85' lang='lat' dir='ltr'>Minuendi,</span> <span class='ocrx_word' id='word_1_86' title='bbox 679 803 721 832; x_wconf 87' lang='lat' dir='ltr'>ut</span> <span class='ocrx_word' id='word_1_87' title='bbox 762 793 947 831; x_wconf 83' lang='lat' dir='ltr'>‘tardior</span> <span class='ocrx_word' id='word_1_88' title='bbox 985 792 1228 832; x_wconf 90' lang='lat' dir='ltr'>testudine.‘</span> <span class='ocrx_word' id='word_1_89' title='bbox 1288 792 1352 830; x_wconf 92' lang='lat'>70.</span> <span class='ocrx_word' id='word_1_90' title='bbox 1390 795 1626 843; x_wconf 81' lang='lat' dir='ltr'>Hyperbole</span> 
     </span>
     <span class='ocr_line' id='line_1_11' title="bbox 101 860 1627 910; baseline -0.001 -11"><span class='ocrx_word' id='word_1_91' title='bbox 101 860 258 899; x_wconf 89' lang='lat' dir='ltr'>dictum</span> <span class='ocrx_word' id='word_1_92' title='bbox 284 860 505 899; x_wconf 83' lang='lat' dir='ltr'>excelsitas</span> <span class='ocrx_word' id='word_1_93' title='bbox 532 861 652 899; x_wconf 84' lang='lat' dir='ltr'>fidem</span> <span class='ocrx_word' id='word_1_94' title='bbox 679 862 885 898; x_wconf 80' lang='lat' dir='ltr'>excedens</span> <span class='ocrx_word' id='word_1_95' title='bbox 912 861 1019 899; x_wconf 88' lang='lat' dir='ltr'>ultra</span> <span class='ocrx_word' id='word_1_96' title='bbox 1045 874 1170 910; x_wconf 89' lang='lat' dir='ltr'>quam</span> <span class='ocrx_word' id='word_1_97' title='bbox 1196 862 1447 899; x_wconf 87' lang='lat' dir='ltr'>credendum</span> <span class='ocrx_word' id='word_1_98' title='bbox 1473 869 1552 908; x_wconf 88' lang='lat' dir='ltr'>est,</span> <span class='ocrx_word' id='word_1_99' title='bbox 1581 867 1627 899; x_wconf 91' lang='lat' dir='ltr'>ut</span> 
     </span>
     <span class='ocr_line' id='line_1_12' title="bbox 103 927 1626 981; baseline 0 -15"><span class='ocrx_word' id='word_1_100' title='bbox 103 927 221 977; x_wconf 86' lang='lat' dir='ltr'>(Aen.</span> <span class='ocrx_word' id='word_1_101' title='bbox 251 930 287 973; x_wconf 81' lang='grc'>3,</span> <span class='ocrx_word' id='word_1_102' title='bbox 315 928 407 981; x_wconf 82' lang='grc'>423)</span> <span class='ocrx_word' id='word_1_103' title='bbox 434 930 442 944; x_wconf 89' lang='lat'>‘</span> <span class='ocrx_word' id='word_1_104' title='bbox 464 928 600 966; x_wconf 90' lang='lat' dir='ltr'>sidera</span> <span class='ocrx_word' id='word_1_105' title='bbox 623 928 815 965; x_wconf 89' lang='lat' dir='ltr'>verberat</span> <span class='ocrx_word' id='word_1_106' title='bbox 838 929 946 967; x_wconf 88' lang='lat' dir='ltr'>unda</span> <span class='ocrx_word' id='word_1_107' title='bbox 970 928 1005 974; x_wconf 86' lang='lat'>&#39;;</span> <span class='ocrx_word' id='word_1_108' title='bbox 1042 935 1082 965; x_wconf 90' lang='lat' dir='ltr'>et</span> <span class='ocrx_word' id='word_1_109' title='bbox 1108 928 1226 977; x_wconf 84' lang='lat' dir='ltr'>(Aen.</span> <span class='ocrx_word' id='word_1_110' title='bbox 1259 931 1293 977; x_wconf 84' lang='lat'>1,</span> <span class='ocrx_word' id='word_1_111' title='bbox 1325 928 1415 978; x_wconf 85' lang='lat'>107)</span> <span class='ocrx_word' id='word_1_112' title='bbox 1444 930 1452 944; x_wconf 90' lang='lat'>‘</span> <span class='ocrx_word' id='word_1_113' title='bbox 1473 936 1626 966; x_wconf 88' lang='lat' dir='ltr'>terram</span> 
     </span>
     <span class='ocr_line' id='line_1_13' title="bbox 106 993 1628 1043; baseline 0.001 -12"><span class='ocrx_word' id='word_1_114' title='bbox 106 993 213 1032; x_wconf 88' lang='lat' dir='ltr'>inter</span> <span class='ocrx_word' id='word_1_115' title='bbox 236 995 386 1032; x_wconf 83' lang='lat' dir='ltr'>fluctus</span> <span class='ocrx_word' id='word_1_116' title='bbox 410 994 568 1043; x_wconf 81' lang='lat' dir='ltr'>aperit;</span> <span class='ocrx_word' id='word_1_117' title='bbox 595 994 692 1032; x_wconf 82' lang='lat' dir='ltr'>furit</span> <span class='ocrx_word' id='word_1_118' title='bbox 718 1001 863 1032; x_wconf 79' lang='lat' dir='ltr'>aestus</span> <span class='ocrx_word' id='word_1_119' title='bbox 885 994 1054 1032; x_wconf 86' lang='lat' dir='ltr'>arenis.’</span> <span class='ocrx_word' id='word_1_120' title='bbox 1119 995 1213 1033; x_wconf 92' lang='lat' dir='ltr'>Hoc</span> <span class='ocrx_word' id='word_1_121' title='bbox 1235 995 1343 1033; x_wconf 89' lang='lat' dir='ltr'>enim</span> <span class='ocrx_word' id='word_1_122' title='bbox 1370 996 1496 1033; x_wconf 92' lang='lat' dir='ltr'>modo</span> <span class='ocrx_word' id='word_1_123' title='bbox 1519 996 1628 1034; x_wconf 86' lang='lat' dir='ltr'>ultra</span> 
     </span>
     <span class='ocr_line' id='line_1_14' title="bbox 104 1063 1628 1115; baseline 0 -13"><span class='ocrx_word' id='word_1_124' title='bbox 104 1064 227 1102; x_wconf 86' lang='lat' dir='ltr'>fidem</span> <span class='ocrx_word' id='word_1_125' title='bbox 255 1063 410 1112; x_wconf 88' lang='lat' dir='ltr'>aliquid</span> <span class='ocrx_word' id='word_1_126' title='bbox 440 1071 634 1114; x_wconf 86' lang='lat' dir='ltr'>augetur,</span> <span class='ocrx_word' id='word_1_127' title='bbox 668 1077 742 1102; x_wconf 86' lang='lat' dir='ltr'>nec</span> <span class='ocrx_word' id='word_1_128' title='bbox 773 1072 912 1102; x_wconf 90' lang='lat' dir='ltr'>tamen</span> <span class='ocrx_word' id='word_1_129' title='bbox 941 1077 965 1102; x_wconf 89' lang='lat' dir='ltr'>a</span> <span class='ocrx_word' id='word_1_130' title='bbox 995 1063 1164 1103; x_wconf 88' lang='lat' dir='ltr'>tramite</span> <span class='ocrx_word' id='word_1_131' title='bbox 1194 1064 1495 1115; x_wconf 86' lang='lat' dir='ltr'>significandae</span> <span class='ocrx_word' id='word_1_132' title='bbox 1523 1064 1628 1103; x_wconf 89' lang='lat' dir='ltr'>veri-</span> 
     </span>
     <span class='ocr_line' id='line_1_15' title="bbox 103 1130 1628 1182; baseline 0.001 -13"><span class='ocrx_word' id='word_1_133' title='bbox 103 1131 205 1171; x_wconf 90' lang='lat' dir='ltr'>tatis</span> <span class='ocrx_word' id='word_1_134' title='bbox 247 1137 423 1179; x_wconf 86' lang='lat' dir='ltr'>erratur,</span> <span class='ocrx_word' id='word_1_135' title='bbox 470 1130 662 1180; x_wconf 86' lang='lat' dir='ltr'>quamvis</span> <span class='ocrx_word' id='word_1_136' title='bbox 707 1132 833 1170; x_wconf 88' lang='lat' dir='ltr'>verba</span> <span class='ocrx_word' id='word_1_137' title='bbox 878 1144 985 1181; x_wconf 85' lang='lat' dir='ltr'>quae</span> <span class='ocrx_word' id='word_1_138' title='bbox 1032 1130 1268 1169; x_wconf 87' lang='lat' dir='ltr'>indicantur</span> <span class='ocrx_word' id='word_1_139' title='bbox 1314 1134 1533 1182; x_wconf 89' lang='lat' dir='ltr'>excedant,</span> <span class='ocrx_word' id='word_1_140' title='bbox 1583 1139 1628 1171; x_wconf 92' lang='lat' dir='ltr'>ut</span> 
     </span>
     <span class='ocr_line' id='line_1_16' title="bbox 102 1197 1631 1248; baseline 0.002 -13"><span class='ocrx_word' id='word_1_141' title='bbox 102 1199 299 1237; x_wconf 87' lang='lat' dir='ltr'>voluntas</span> <span class='ocrx_word' id='word_1_142' title='bbox 344 1197 551 1247; x_wconf 86' lang='lat' dir='ltr'>loquentis</span> <span class='ocrx_word' id='word_1_143' title='bbox 596 1211 677 1236; x_wconf 88' lang='lat' dir='ltr'>non</span> <span class='ocrx_word' id='word_1_144' title='bbox 725 1199 906 1236; x_wconf 88' lang='lat' dir='ltr'>fallentis</span> <span class='ocrx_word' id='word_1_145' title='bbox 951 1205 1166 1248; x_wconf 83' lang='lat' dir='ltr'>appareat.</span> <span class='ocrx_word' id='word_1_146' title='bbox 1242 1198 1306 1237; x_wconf 90' lang='lat'>71.</span> <span class='ocrx_word' id='word_1_147' title='bbox 1342 1200 1399 1238; x_wconf 89' lang='lat' dir='ltr'>Ut</span> <span class='ocrx_word' id='word_1_148' title='bbox 1443 1206 1509 1238; x_wconf 89' lang='lat' dir='ltr'>est</span> <span class='ocrx_word' id='word_1_149' title='bbox 1550 1200 1631 1238; x_wconf 91' lang='lat' dir='ltr'>hoe</span> 
     </span>
     <span class='ocr_line' id='line_1_17' title="bbox 102 1263 1629 1317; baseline 0 -14"><span class='ocrx_word' id='word_1_150' title='bbox 102 1264 300 1315; x_wconf 88' lang='lat' dir='ltr'>augendi,</span> <span class='ocrx_word' id='word_1_151' title='bbox 337 1263 425 1317; x_wconf 91' lang='lat' dir='ltr'>[ut]</span> <span class='ocrx_word' id='word_1_152' title='bbox 461 1268 469 1283; x_wconf 89' lang='lat'>‘</span> <span class='ocrx_word' id='word_1_153' title='bbox 490 1265 669 1303; x_wconf 86' lang='lat' dir='ltr'>velocior</span> <span class='ocrx_word' id='word_1_154' title='bbox 699 1266 832 1304; x_wconf 87' lang='lat' dir='ltr'>aura.’</span> <span class='ocrx_word' id='word_1_155' title='bbox 897 1265 1000 1304; x_wconf 89' lang='lat' dir='ltr'>Item</span> <span class='ocrx_word' id='word_1_156' title='bbox 1035 1265 1204 1304; x_wconf 86' lang='lat' dir='ltr'>‘durior</span> <span class='ocrx_word' id='word_1_157' title='bbox 1233 1267 1368 1305; x_wconf 87' lang='lat' dir='ltr'>saxo.&#39;</span> <span class='ocrx_word' id='word_1_158' title='bbox 1432 1267 1537 1305; x_wconf 90' lang='lat' dir='ltr'>Item</span> <span class='ocrx_word' id='word_1_159' title='bbox 1571 1267 1629 1304; x_wconf 83' lang='lat' dir='ltr'>‘it</span> 
     </span>
     <span class='ocr_line' id='line_1_18' title="bbox 102 1330 1629 1383; baseline 0.001 -12"><span class='ocrx_word' id='word_1_160' title='bbox 102 1333 261 1371; x_wconf 89' lang='lat' dir='ltr'>elamor</span> <span class='ocrx_word' id='word_1_161' title='bbox 287 1333 434 1371; x_wconf 90' lang='lat' dir='ltr'>caelo.’</span> <span class='ocrx_word' id='word_1_162' title='bbox 498 1333 601 1371; x_wconf 89' lang='lat' dir='ltr'>Item</span> <span class='ocrx_word' id='word_1_163' title='bbox 633 1333 672 1371; x_wconf 90' lang='lat' dir='ltr'>in</span> <span class='ocrx_word' id='word_1_164' title='bbox 703 1330 874 1371; x_wconf 82' lang='lat' dir='ltr'>Psalmo</span> <span class='ocrx_word' id='word_1_165' title='bbox 899 1332 981 1383; x_wconf 81' lang='grc'>(72,</span> <span class='ocrx_word' id='word_1_166' title='bbox 1014 1333 1050 1382; x_wconf 87' lang='grc'>9)</span> <span class='ocrx_word' id='word_1_167' title='bbox 1083 1335 1342 1382; x_wconf 83' lang='lat' dir='ltr'>‘posuerunt</span> <span class='ocrx_word' id='word_1_168' title='bbox 1370 1334 1408 1372; x_wconf 90' lang='lat' dir='ltr'>in</span> <span class='ocrx_word' id='word_1_169' title='bbox 1437 1335 1555 1372; x_wconf 89' lang='lat' dir='ltr'>caelo</span> <span class='ocrx_word' id='word_1_170' title='bbox 1581 1347 1629 1372; x_wconf 87' lang='lat' dir='ltr'>os</span> 
     </span>
     <span class='ocr_line' id='line_1_19' title="bbox 105 1399 1630 1450; baseline 0 -12"><span class='ocrx_word' id='word_1_171' title='bbox 105 1400 253 1438; x_wconf 84' lang='lat' dir='ltr'>suum.&#39;</span> <span class='ocrx_word' id='word_1_172' title='bbox 318 1400 421 1438; x_wconf 92' lang='lat' dir='ltr'>Item</span> <span class='ocrx_word' id='word_1_173' title='bbox 451 1406 491 1437; x_wconf 90' lang='lat' dir='ltr'>et</span> <span class='ocrx_word' id='word_1_174' title='bbox 521 1399 693 1448; x_wconf 89' lang='lat' dir='ltr'>(Psalm.</span> <span class='ocrx_word' id='word_1_175' title='bbox 726 1399 790 1445; x_wconf 81' lang='lat'>67,</span> <span class='ocrx_word' id='word_1_176' title='bbox 823 1399 885 1449; x_wconf 88' lang='lat'>22)</span> <span class='ocrx_word' id='word_1_177' title='bbox 918 1402 926 1417; x_wconf 79' lang='lat'>⁴</span> <span class='ocrx_word' id='word_1_178' title='bbox 947 1399 1145 1438; x_wconf 90' lang='lat' dir='ltr'>verticem</span> <span class='ocrx_word' id='word_1_179' title='bbox 1174 1399 1309 1450; x_wconf 88' lang='lat' dir='ltr'>capilli</span> <span class='ocrx_word' id='word_1_180' title='bbox 1339 1401 1630 1450; x_wconf 88' lang='lat' dir='ltr'>perambulan-</span> 
     </span>
     <span class='ocr_line' id='line_1_20' title="bbox 105 1466 1623 1518; baseline 0 -14"><span class='ocrx_word' id='word_1_181' title='bbox 105 1466 208 1505; x_wconf 89' lang='lat' dir='ltr'>tium</span> <span class='ocrx_word' id='word_1_182' title='bbox 240 1467 278 1505; x_wconf 91' lang='lat' dir='ltr'>in</span> <span class='ocrx_word' id='word_1_183' title='bbox 309 1466 470 1505; x_wconf 82' lang='lat' dir='ltr'>delictis</span> <span class='ocrx_word' id='word_1_184' title='bbox 501 1466 621 1512; x_wconf 88' lang='lat' dir='ltr'>suis,’</span> <span class='ocrx_word' id='word_1_185' title='bbox 654 1467 691 1505; x_wconf 91' lang='lat' dir='ltr'>id</span> <span class='ocrx_word' id='word_1_186' title='bbox 722 1473 785 1505; x_wconf 89' lang='lat' dir='ltr'>est</span> <span class='ocrx_word' id='word_1_187' title='bbox 815 1467 854 1505; x_wconf 90' lang='lat' dir='ltr'>in</span> <span class='ocrx_word' id='word_1_188' title='bbox 885 1467 1129 1506; x_wconf 89' lang='lat' dir='ltr'>summitate</span> <span class='ocrx_word' id='word_1_189' title='bbox 1157 1467 1291 1517; x_wconf 88' lang='lat' dir='ltr'>capilli</span> <span class='ocrx_word' id='word_1_190' title='bbox 1322 1467 1623 1518; x_wconf 85' lang='lat' dir='ltr'>perambulare.</span> 
     </span>
     <span class='ocr_line' id='line_1_21' title="bbox 107 1531 1630 1584; baseline 0.002 -14"><span class='ocrx_word' id='word_1_191' title='bbox 107 1531 171 1571; x_wconf 87' lang='lat'>72.</span> <span class='ocrx_word' id='word_1_192' title='bbox 206 1535 311 1572; x_wconf 91' lang='lat' dir='ltr'>Item</span> <span class='ocrx_word' id='word_1_193' title='bbox 347 1534 385 1572; x_wconf 89' lang='lat' dir='ltr'>in</span> <span class='ocrx_word' id='word_1_194' title='bbox 422 1533 656 1584; x_wconf 87' lang='lat' dir='ltr'>Evangelio</span> <span class='ocrx_word' id='word_1_195' title='bbox 688 1532 765 1582; x_wconf 89' lang='lat'>(10.</span> <span class='ocrx_word' id='word_1_196' title='bbox 805 1534 869 1582; x_wconf 87' lang='lat'>21,</span> <span class='ocrx_word' id='word_1_197' title='bbox 907 1534 971 1583; x_wconf 82' lang='lat'>25)</span> <span class='ocrx_word' id='word_1_198' title='bbox 1009 1536 1017 1550; x_wconf 89' lang='lat'>‘</span> <span class='ocrx_word' id='word_1_199' title='bbox 1040 1542 1136 1572; x_wconf 91' lang='lat' dir='ltr'>sunt</span> <span class='ocrx_word' id='word_1_200' title='bbox 1170 1542 1210 1572; x_wconf 90' lang='lat' dir='ltr'>et</span> <span class='ocrx_word' id='word_1_201' title='bbox 1244 1534 1326 1573; x_wconf 90' lang='lat' dir='ltr'>alia</span> <span class='ocrx_word' id='word_1_202' title='bbox 1358 1535 1489 1574; x_wconf 88' lang='lat' dir='ltr'>multa</span> <span class='ocrx_word' id='word_1_203' title='bbox 1523 1548 1630 1584; x_wconf 90' lang='lat' dir='ltr'>quae</span> 
     </span>
     <span class='ocr_line' id='line_1_22' title="bbox 107 1599 1631 1651; baseline 0.001 -13"><span class='ocrx_word' id='word_1_204' title='bbox 107 1601 204 1639; x_wconf 83' lang='lat' dir='ltr'>fecit</span> <span class='ocrx_word' id='word_1_205' title='bbox 239 1601 371 1649; x_wconf 86' lang='lat' dir='ltr'>Iesus,</span> <span class='ocrx_word' id='word_1_206' title='bbox 407 1613 513 1650; x_wconf 84' lang='lat' dir='ltr'>quae</span> <span class='ocrx_word' id='word_1_207' title='bbox 545 1601 578 1638; x_wconf 90' lang='lat' dir='ltr'>si</span> <span class='ocrx_word' id='word_1_208' title='bbox 612 1599 893 1639; x_wconf 83' lang='lat' dir='ltr'>scriberentur</span> <span class='ocrx_word' id='word_1_209' title='bbox 922 1614 995 1651; x_wconf 88' lang='lat' dir='ltr'>per</span> <span class='ocrx_word' id='word_1_210' title='bbox 1028 1601 1208 1651; x_wconf 86' lang='lat' dir='ltr'>singula,</span> <span class='ocrx_word' id='word_1_211' title='bbox 1245 1615 1318 1642; x_wconf 90' lang='lat' dir='ltr'>nec</span> <span class='ocrx_word' id='word_1_212' title='bbox 1353 1603 1488 1651; x_wconf 88' lang='lat' dir='ltr'>ipsum</span> <span class='ocrx_word' id='word_1_213' title='bbox 1522 1602 1631 1641; x_wconf 89' lang='lat' dir='ltr'>arbi-</span> 
     </span>
     <span class='ocr_line' id='line_1_23' title="bbox 97 1667 1633 1717; baseline 0.002 -12"><span class='ocrx_word' id='word_1_214' title='bbox 97 1674 185 1705; x_wconf 93' lang='lat' dir='ltr'>tror</span> <span class='ocrx_word' id='word_1_215' title='bbox 204 1669 404 1706; x_wconf 90' lang='lat' dir='ltr'>mundum</span> <span class='ocrx_word' id='word_1_216' title='bbox 425 1679 573 1716; x_wconf 81' lang='lat' dir='ltr'>capere</span> <span class='ocrx_word' id='word_1_217' title='bbox 593 1681 665 1706; x_wconf 85' lang='lat' dir='ltr'>eos</span> <span class='ocrx_word' id='word_1_218' title='bbox 685 1667 754 1717; x_wconf 88' lang='lat' dir='ltr'>qui</span> <span class='ocrx_word' id='word_1_219' title='bbox 775 1667 979 1706; x_wconf 88' lang='lat' dir='ltr'>scribendi</span> <span class='ocrx_word' id='word_1_220' title='bbox 1001 1675 1099 1706; x_wconf 87' lang='lat' dir='ltr'>sunt</span> <span class='ocrx_word' id='word_1_221' title='bbox 1118 1668 1256 1707; x_wconf 90' lang='lat' dir='ltr'>libros.</span> <span class='ocrx_word' id='word_1_222' title='bbox 1270 1669 1278 1684; x_wconf 95' lang='lat'>‘</span> <span class='ocrx_word' id='word_1_223' title='bbox 1315 1669 1420 1708; x_wconf 88' lang='lat' dir='ltr'>Item</span> <span class='ocrx_word' id='word_1_224' title='bbox 1440 1669 1480 1708; x_wconf 92' lang='lat' dir='ltr'>in</span> <span class='ocrx_word' id='word_1_225' title='bbox 1500 1668 1633 1708; x_wconf 88' lang='lat' dir='ltr'>Gene-</span> 
     </span>
     <span class='ocr_line' id='line_1_24' title="bbox 106 1734 1630 1786; baseline 0 -13"><span class='ocrx_word' id='word_1_226' title='bbox 106 1734 163 1774; x_wconf 90' lang='lat' dir='ltr'>sis</span> <span class='ocrx_word' id='word_1_227' title='bbox 186 1735 268 1785; x_wconf 82' lang='lat'>(22,</span> <span class='ocrx_word' id='word_1_228' title='bbox 297 1734 358 1784; x_wconf 88' lang='lat'>17)</span> <span class='ocrx_word' id='word_1_229' title='bbox 386 1737 393 1751; x_wconf 89' lang='lat'>‘</span> <span class='ocrx_word' id='word_1_230' title='bbox 414 1735 566 1773; x_wconf 83' lang='lat' dir='ltr'>faciam</span> <span class='ocrx_word' id='word_1_231' title='bbox 591 1747 731 1774; x_wconf 89' lang='lat' dir='ltr'>semen</span> <span class='ocrx_word' id='word_1_232' title='bbox 753 1742 871 1773; x_wconf 89' lang='lat' dir='ltr'>tuum</span> <span class='ocrx_word' id='word_1_233' title='bbox 894 1735 1000 1773; x_wconf 84' lang='lat' dir='ltr'>sicut</span> <span class='ocrx_word' id='word_1_234' title='bbox 1022 1749 1149 1775; x_wconf 88' lang='lat' dir='ltr'>arena</span> <span class='ocrx_word' id='word_1_235' title='bbox 1173 1735 1332 1774; x_wconf 85' lang='lat' dir='ltr'>maris.‘</span> <span class='ocrx_word' id='word_1_236' title='bbox 1391 1736 1500 1786; x_wconf 77' lang='lat' dir='ltr'>Quis</span> <span class='ocrx_word' id='word_1_237' title='bbox 1520 1735 1630 1776; x_wconf 91' lang='lat' dir='ltr'>enim</span> 
     </span>
     <span class='ocr_line' id='line_1_25' title="bbox 106 1801 1630 1852; baseline 0.001 -12"><span class='ocrx_word' id='word_1_238' title='bbox 106 1816 187 1840; x_wconf 89' lang='lat' dir='ltr'>non</span> <span class='ocrx_word' id='word_1_239' title='bbox 222 1802 361 1841; x_wconf 85' lang='lat' dir='ltr'>videat</span> <span class='ocrx_word' id='word_1_240' title='bbox 395 1805 506 1852; x_wconf 87' lang='lat' dir='ltr'>quod</span> <span class='ocrx_word' id='word_1_241' title='bbox 542 1801 594 1840; x_wconf 82' lang='lat' dir='ltr'>sit</span> <span class='ocrx_word' id='word_1_242' title='bbox 632 1802 997 1852; x_wconf 86' lang='lat' dir='ltr'>inconparabiliter</span> <span class='ocrx_word' id='word_1_243' title='bbox 1031 1801 1210 1852; x_wconf 89' lang='lat' dir='ltr'>amplius</span> <span class='ocrx_word' id='word_1_244' title='bbox 1246 1816 1397 1842; x_wconf 83' lang='lat' dir='ltr'>arenae</span> <span class='ocrx_word' id='word_1_245' title='bbox 1432 1817 1630 1842; x_wconf 84' lang='lat' dir='ltr'>nume-rus</span> 
     </span>
     <span class='ocr_line' id='line_1_26' title="bbox 105 1869 1630 1920; baseline -0.001 -11"><span class='ocrx_word' id='word_1_246' title='bbox 105 1884 234 1920; x_wconf 87' lang='lat' dir='ltr'>quam</span> <span class='ocrx_word' id='word_1_247' title='bbox 255 1882 348 1908; x_wconf 89' lang='lat' dir='ltr'>esse</span> <span class='ocrx_word' id='word_1_248' title='bbox 373 1870 587 1908; x_wconf 91' lang='lat' dir='ltr'>hominum</span> <span class='ocrx_word' id='word_1_249' title='bbox 612 1869 797 1908; x_wconf 91' lang='lat' dir='ltr'>omnium</span> <span class='ocrx_word' id='word_1_250' title='bbox 823 1871 874 1908; x_wconf 87' lang='lat' dir='ltr'>ab</span> <span class='ocrx_word' id='word_1_251' title='bbox 899 1870 993 1919; x_wconf 88' lang='lat' dir='ltr'>ipso</span> <span class='ocrx_word' id='word_1_252' title='bbox 1013 1871 1148 1909; x_wconf 89' lang='lat' dir='ltr'>Adam</span> <span class='ocrx_word' id='word_1_253' title='bbox 1173 1884 1307 1918; x_wconf 89' lang='lat' dir='ltr'>usque</span> <span class='ocrx_word' id='word_1_254' title='bbox 1329 1874 1381 1910; x_wconf 92' lang='lat' dir='ltr'>ad</span> <span class='ocrx_word' id='word_1_255' title='bbox 1407 1870 1630 1909; x_wconf 89' lang='lat' dir='ltr'>terminum</span> 
     </span>
     <span class='ocr_line' id='line_1_27' title="bbox 106 1937 1632 1988; baseline -0.001 -12"><span class='ocrx_word' id='word_1_256' title='bbox 106 1937 290 1977; x_wconf 84' lang='lat' dir='ltr'>saeculi?</span> <span class='ocrx_word' id='word_1_257' title='bbox 362 1937 536 1986; x_wconf 76' lang='lat' dir='ltr'>Quanto</span> <span class='ocrx_word' id='word_1_258' title='bbox 577 1937 714 1986; x_wconf 86' lang='lat' dir='ltr'>magis</span> <span class='ocrx_word' id='word_1_259' title='bbox 759 1937 891 1974; x_wconf 85' lang='lat' dir='ltr'>solum</span> <span class='ocrx_word' id='word_1_260' title='bbox 937 1949 1077 1975; x_wconf 88' lang='lat' dir='ltr'>semen</span> <span class='ocrx_word' id='word_1_261' title='bbox 1121 1938 1343 1976; x_wconf 76' lang='lat' dir='ltr'>Abrahae!</span> <span class='ocrx_word' id='word_1_262' title='bbox 1416 1939 1538 1988; x_wconf 78' lang='lat' dir='ltr'>Quod</span> <span class='ocrx_word' id='word_1_263' title='bbox 1583 1951 1632 1976; x_wconf 91' lang='lat' dir='ltr'>ea</span> 
     </span>
     <span class='ocr_line' id='line_1_28' title="bbox 107 2003 1630 2054; baseline 0.001 -12"><span class='ocrx_word' id='word_1_264' title='bbox 107 2003 348 2053; x_wconf 88' lang='lat' dir='ltr'>loquutione</span> <span class='ocrx_word' id='word_1_265' title='bbox 390 2003 546 2043; x_wconf 90' lang='lat' dir='ltr'>dictum</span> <span class='ocrx_word' id='word_1_266' title='bbox 589 2011 651 2041; x_wconf 87' lang='lat' dir='ltr'>est</span> <span class='ocrx_word' id='word_1_267' title='bbox 692 2016 800 2051; x_wconf 88' lang='lat' dir='ltr'>quae</span> <span class='ocrx_word' id='word_1_268' title='bbox 842 2011 1016 2042; x_wconf 82' lang='lat' dir='ltr'>vocatur</span> <span class='ocrx_word' id='word_1_269' title='bbox 1056 2004 1294 2053; x_wconf 78' lang='lat' dir='ltr'>hyperbole,</span> <span class='ocrx_word' id='word_1_270' title='bbox 1338 2019 1448 2054; x_wconf 84' lang='lat' dir='ltr'>quae·</span> <span class='ocrx_word' id='word_1_271' title='bbox 1488 2004 1630 2054; x_wconf 90' lang='lat' dir='ltr'>utique</span> 
     </span>
     <span class='ocr_line' id='line_1_29' title="bbox 106 2069 1634 2120; baseline -0.001 -11"><span class='ocrx_word' id='word_1_272' title='bbox 106 2070 266 2120; x_wconf 88' lang='lat' dir='ltr'>tropica</span> <span class='ocrx_word' id='word_1_273' title='bbox 310 2077 387 2120; x_wconf 86' lang='lat' dir='ltr'>est,</span> <span class='ocrx_word' id='word_1_274' title='bbox 437 2083 518 2110; x_wconf 83' lang='lat' dir='ltr'>non</span> <span class='ocrx_word' id='word_1_275' title='bbox 563 2070 743 2119; x_wconf 83' lang='lat' dir='ltr'>propria.</span> <span class='ocrx_word' id='word_1_276' title='bbox 821 2069 885 2108; x_wconf 84' lang='lat'>73.</span> <span class='ocrx_word' id='word_1_277' title='bbox 920 2071 1024 2109; x_wconf 89' lang='lat' dir='ltr'>Item</span> <span class='ocrx_word' id='word_1_278' title='bbox 1072 2070 1297 2117; x_wconf 84' lang='lat' dir='ltr'>minuendi,</span> <span class='ocrx_word' id='word_1_279' title='bbox 1347 2079 1391 2110; x_wconf 89' lang='lat' dir='ltr'>ut</span> <span class='ocrx_word' id='word_1_280' title='bbox 1441 2070 1634 2109; x_wconf 90' lang='lat' dir='ltr'>‘mollior</span> 
     </span>
     <span class='ocr_line' id='line_1_30' title="bbox 107 2135 1632 2190; baseline 0 -15"><span class='ocrx_word' id='word_1_281' title='bbox 107 2138 279 2187; x_wconf 82' lang='lat' dir='ltr'>pluma,’</span> <span class='ocrx_word' id='word_1_282' title='bbox 308 2140 315 2154; x_wconf 90' lang='lat'>‘</span> <span class='ocrx_word' id='word_1_283' title='bbox 338 2137 529 2188; x_wconf 83' lang='lat' dir='ltr'>frigidior</span> <span class='ocrx_word' id='word_1_284' title='bbox 552 2136 676 2175; x_wconf 87' lang='lat' dir='ltr'>nivc.’</span> <span class='ocrx_word' id='word_1_285' title='bbox 721 2135 786 2174; x_wconf 69' lang='lat'>74.</span> <span class='ocrx_word' id='word_1_286' title='bbox 819 2137 1030 2187; x_wconf 89' lang='lat' dir='ltr'>Allegoria</span> <span class='ocrx_word' id='word_1_287' title='bbox 1053 2145 1116 2176; x_wconf 88' lang='lat' dir='ltr'>est</span> <span class='ocrx_word' id='word_1_288' title='bbox 1140 2145 1285 2188; x_wconf 89' lang='lat' dir='ltr'>tropus</span> <span class='ocrx_word' id='word_1_289' title='bbox 1309 2152 1393 2189; x_wconf 89' lang='lat' dir='ltr'>quo</span> <span class='ocrx_word' id='word_1_290' title='bbox 1414 2139 1524 2179; x_wconf 89' lang='lat' dir='ltr'>aliud</span> <span class='ocrx_word' id='word_1_291' title='bbox 1549 2138 1632 2190; x_wconf 86' lang='lat' dir='ltr'>sig-</span> 
     </span>
     <span class='ocr_line' id='line_1_31' title="bbox 108 2204 1632 2256; baseline 0.001 -14"><span class='ocrx_word' id='word_1_292' title='bbox 108 2205 301 2244; x_wconf 85' lang='lat' dir='ltr'>nificatur</span> <span class='ocrx_word' id='word_1_293' title='bbox 331 2218 459 2252; x_wconf 82' lang='lat' dir='ltr'>quam¹</span> <span class='ocrx_word' id='word_1_294' title='bbox 491 2204 654 2250; x_wconf 86' lang='lat' dir='ltr'>dicitur,</span> <span class='ocrx_word' id='word_1_295' title='bbox 692 2212 736 2243; x_wconf 90' lang='lat' dir='ltr'>ut</span> <span class='ocrx_word' id='word_1_296' title='bbox 767 2212 831 2242; x_wconf 89' lang='lat' dir='ltr'>est</span> <span class='ocrx_word' id='word_1_297' title='bbox 864 2204 981 2255; x_wconf 88' lang='lat' dir='ltr'>(Geo.</span> <span class='ocrx_word' id='word_1_298' title='bbox 1021 2206 1058 2255; x_wconf 89' lang='lat'>2,</span> <span class='ocrx_word' id='word_1_299' title='bbox 1095 2206 1187 2256; x_wconf 77' lang='lat'>542)</span> <span class='ocrx_word' id='word_1_300' title='bbox 1225 2209 1316 2243; x_wconf 82' lang='lat' dir='ltr'>‘set</span> <span class='ocrx_word' id='word_1_301' title='bbox 1352 2205 1432 2244; x_wconf 86' lang='lat' dir='ltr'>iam</span> <span class='ocrx_word' id='word_1_302' title='bbox 1465 2214 1632 2256; x_wconf 89' lang='lat' dir='ltr'>tempus</span> 
     </span>
     <span class='ocr_line' id='line_1_32' title="bbox 105 2272 1628 2326; baseline -0.001 -14"><span class='ocrx_word' id='word_1_303' title='bbox 105 2286 259 2323; x_wconf 87' lang='lat' dir='ltr'>equum</span> <span class='ocrx_word' id='word_1_304' title='bbox 319 2273 525 2311; x_wconf 87' lang='lat' dir='ltr'>fumantia</span> <span class='ocrx_word' id='word_1_305' title='bbox 585 2272 748 2310; x_wconf 88' lang='lat' dir='ltr'>solvere</span> <span class='ocrx_word' id='word_1_306' title='bbox 805 2272 943 2319; x_wconf 88' lang='lat' dir='ltr'>colla,’</span> <span class='ocrx_word' id='word_1_307' title='bbox 1008 2273 1085 2326; x_wconf 88' lang='lat' dir='ltr'>hoc</span> <span class='ocrx_word' id='word_1_308' title='bbox 1146 2282 1210 2313; x_wconf 86' lang='lat' dir='ltr'>est</span> <span class='ocrx_word' id='word_1_309' title='bbox 1269 2286 1436 2311; x_wconf 81' lang='lat' dir='ltr'>carmen</span> <span class='ocrx_word' id='word_1_310' title='bbox 1499 2273 1628 2311; x_wconf 86' lang='lat' dir='ltr'>finire.</span> 
     </span>
    </p>
   </div>
   <div class='ocr_carea' id='block_1_3' title="bbox 108 2369 1633 2791">
    <p class='ocr_par' dir='ltr' id='par_1_3' title="bbox 108 2369 1633 2791">
     <span class='ocr_line' id='line_1_33' title="bbox 111 2369 1627 2415; baseline 0.001 -13"><span class='ocrx_word' id='word_1_311' title='bbox 111 2370 215 2412; x_wconf 76' lang='lat' dir='ltr'>intra]</span> <span class='ocrx_word' id='word_1_312' title='bbox 244 2372 330 2402; x_wconf 74' lang='lat' dir='ltr'>inter</span> <span class='ocrx_word' id='word_1_313' title='bbox 359 2371 396 2401; x_wconf 79' lang='lat' dir='ltr'>E.</span> <span class='ocrx_word' id='word_1_314' title='bbox 452 2370 556 2411; x_wconf 80' lang='lat' dir='ltr'>infra]</span> <span class='ocrx_word' id='word_1_315' title='bbox 585 2372 616 2401; x_wconf 87' lang='lat' dir='ltr'>in</span> <span class='ocrx_word' id='word_1_316' title='bbox 649 2371 684 2402; x_wconf 70' lang='lat' dir='ltr'>I..</span> <span class='ocrx_word' id='word_1_317' title='bbox 739 2369 793 2404; x_wconf 80' lang='grc'>68.</span> <span class='ocrx_word' id='word_1_318' title='bbox 824 2372 963 2412; x_wconf 81' lang='lat' dir='ltr'>Longus</span> <span class='ocrx_word' id='word_1_319' title='bbox 992 2372 1029 2404; x_wconf 83' lang='lat' dir='ltr'>E.</span> <span class='ocrx_word' id='word_1_320' title='bbox 1083 2374 1249 2405; x_wconf 70' lang='lat' dir='ltr'>obscurus</span> <span class='ocrx_word' id='word_1_321' title='bbox 1279 2374 1316 2405; x_wconf 89' lang='grc' dir='ltr'>Ε.</span> <span class='ocrx_word' id='word_1_322' title='bbox 1372 2385 1460 2415; x_wconf 81' lang='lat' dir='ltr'>quae</span> <span class='ocrx_word' id='word_1_323' title='bbox 1490 2374 1548 2405; x_wconf 88' lang='lat' dir='ltr'>EF</span> <span class='ocrx_word' id='word_1_324' title='bbox 1575 2374 1627 2406; x_wconf 87' lang='lat' dir='ltr'>Gl.</span> 
     </span>
     <span class='ocr_line' id='line_1_34' title="bbox 110 2425 1629 2469; baseline 0.002 -13"><span class='ocrx_word' id='word_1_325' title='bbox 110 2425 152 2466; x_wconf 89' lang='lat' dir='ltr'>si]</span> <span class='ocrx_word' id='word_1_326' title='bbox 182 2426 214 2456; x_wconf 91' lang='lat' dir='ltr'>in</span> <span class='ocrx_word' id='word_1_327' title='bbox 246 2425 294 2455; x_wconf 89' lang='lat' dir='ltr'>F:</span> <span class='ocrx_word' id='word_1_328' title='bbox 338 2425 416 2456; x_wconf 86' lang='lat' dir='ltr'>hinc</span> <span class='ocrx_word' id='word_1_329' title='bbox 446 2425 496 2455; x_wconf 86' lang='lat' dir='ltr'>E:</span> <span class='ocrx_word' id='word_1_330' title='bbox 539 2426 592 2456; x_wconf 84' lang='lat' dir='ltr'>hic</span> <span class='ocrx_word' id='word_1_331' title='bbox 622 2425 673 2456; x_wconf 74' lang='lat' dir='ltr'>Gt.</span> <span class='ocrx_word' id='word_1_332' title='bbox 732 2433 763 2456; x_wconf 86' lang='lat' dir='ltr'>et</span> <span class='ocrx_word' id='word_1_333' title='bbox 793 2436 860 2456; x_wconf 87' lang='lat' dir='ltr'>om.</span> <span class='ocrx_word' id='word_1_334' title='bbox 897 2426 932 2456; x_wconf 93' lang='lat' dir='ltr'>F.</span> <span class='ocrx_word' id='word_1_335' title='bbox 989 2437 1023 2457; x_wconf 89' lang='lat' dir='ltr'>se</span> <span class='ocrx_word' id='word_1_336' title='bbox 1053 2438 1120 2458; x_wconf 86' lang='lat' dir='ltr'>om.</span> <span class='ocrx_word' id='word_1_337' title='bbox 1153 2428 1190 2459; x_wconf 83' lang='lat' dir='ltr'>L.</span> <span class='ocrx_word' id='word_1_338' title='bbox 1223 2429 1305 2466; x_wconf 84' lang='lat' dir='ltr'>(non</span> <span class='ocrx_word' id='word_1_339' title='bbox 1337 2428 1417 2469; x_wconf 64' lang='lat' dir='ltr'>GL).</span> <span class='ocrx_word' id='word_1_340' title='bbox 1476 2429 1629 2459; x_wconf 72' lang='lat' dir='ltr'>dilexerit</span> 
     </span>
     <span class='ocr_line' id='line_1_35' title="bbox 111 2477 1627 2523; baseline 0.003 -13"><span class='ocrx_word' id='word_1_341' title='bbox 111 2479 170 2510; x_wconf 86' lang='lat' dir='ltr'>EF</span> <span class='ocrx_word' id='word_1_342' title='bbox 197 2479 276 2510; x_wconf 75' lang='lat' dir='ltr'>GL:</span> <span class='ocrx_word' id='word_1_343' title='bbox 317 2479 521 2510; x_wconf 83' lang='lat' dir='ltr'>intellexerit</span> <span class='ocrx_word' id='word_1_344' title='bbox 550 2477 587 2510; x_wconf 77' lang='grc'>1,.</span> <span class='ocrx_word' id='word_1_345' title='bbox 639 2478 690 2519; x_wconf 78' lang='lat' dir='ltr'>ut]</span> <span class='ocrx_word' id='word_1_346' title='bbox 716 2486 748 2510; x_wconf 80' lang='lat' dir='ltr'>et</span> <span class='ocrx_word' id='word_1_347' title='bbox 776 2479 813 2510; x_wconf 89' lang='lat' dir='ltr'>F.</span> <span class='ocrx_word' id='word_1_348' title='bbox 865 2481 951 2511; x_wconf 86' lang='lat' dir='ltr'>inter</span> <span class='ocrx_word' id='word_1_349' title='bbox 979 2481 1154 2521; x_wconf 88' lang='lat' dir='ltr'>imperitos</span> <span class='ocrx_word' id='word_1_350' title='bbox 1181 2482 1207 2513; x_wconf 86' lang='lat' dir='ltr'><em>E</em></span> <span class='ocrx_word' id='word_1_351' title='bbox 1237 2482 1289 2513; x_wconf 89' lang='lat' dir='ltr'>Gl.</span> <span class='ocrx_word' id='word_1_352' title='bbox 1343 2490 1562 2523; x_wconf 80' lang='lat' dir='ltr'>cognosceret</span> <span class='ocrx_word' id='word_1_353' title='bbox 1592 2484 1627 2514; x_wconf 88' lang='lat' dir='ltr'>F.</span> 
     </span>
     <span class='ocr_line' id='line_1_36' title="bbox 108 2522 1632 2576; baseline 0.003 -12"><span class='ocrx_word' id='word_1_354' title='bbox 108 2540 187 2564; x_wconf 86' lang='lat' dir='ltr'>sunt</span> <span class='ocrx_word' id='word_1_355' title='bbox 218 2534 302 2564; x_wconf 83' lang='lat' dir='ltr'>E.L.</span> <span class='ocrx_word' id='word_1_356' title='bbox 356 2541 472 2564; x_wconf 82' lang='lat' dir='ltr'>autem</span> <span class='ocrx_word' id='word_1_357' title='bbox 503 2544 570 2563; x_wconf 84' lang='lat' dir='ltr'>om.</span> <span class='ocrx_word' id='word_1_358' title='bbox 606 2533 640 2562; x_wconf 84' lang='lat' dir='ltr'>F.</span> <span class='ocrx_word' id='word_1_359' title='bbox 692 2531 745 2565; x_wconf 85' lang='lat'>70.</span> <span class='ocrx_word' id='word_1_360' title='bbox 775 2522 970 2565; x_wconf 30' lang='lat' dir='ltr'>&#39;indicatur</span> <span class='ocrx_word' id='word_1_361' title='bbox 1000 2535 1036 2565; x_wconf 87' lang='lat' dir='ltr'>F.</span> <span class='ocrx_word' id='word_1_362' title='bbox 1092 2535 1142 2576; x_wconf 88' lang='lat' dir='ltr'>ut]</span> <span class='ocrx_word' id='word_1_363' title='bbox 1173 2543 1231 2567; x_wconf 75' lang='lat' dir='ltr'>aut</span> <span class='ocrx_word' id='word_1_364' title='bbox 1266 2538 1300 2567; x_wconf 75' lang='grc' dir='ltr'>Ι..</span> <span class='ocrx_word' id='word_1_365' title='bbox 1355 2536 1409 2569; x_wconf 88' lang='grc'>71.</span> <span class='ocrx_word' id='word_1_366' title='bbox 1439 2542 1571 2568; x_wconf 72' lang='grc' dir='ltr'><em>υῐόηι.</em></span> <span class='ocrx_word' id='word_1_367' title='bbox 1607 2538 1632 2568; x_wconf 80' lang='lat' dir='ltr'><em>L</em></span> 
     </span>
     <span class='ocr_line' id='line_1_37' title="bbox 112 2587 1633 2631; baseline 0.003 -13"><span class='ocrx_word' id='word_1_368' title='bbox 112 2589 193 2628; x_wconf 84' lang='lat' dir='ltr'>(non</span> <span class='ocrx_word' id='word_1_369' title='bbox 222 2587 304 2628; x_wconf 67' lang='lat' dir='ltr'>GL).</span> <span class='ocrx_word' id='word_1_370' title='bbox 367 2588 492 2619; x_wconf 80' lang='lat' dir='ltr'>vertice</span> <span class='ocrx_word' id='word_1_371' title='bbox 520 2587 557 2618; x_wconf 87' lang='lat' dir='ltr'>F.</span> <span class='ocrx_word' id='word_1_372' title='bbox 620 2587 751 2618; x_wconf 81' lang='lat' dir='ltr'>dilectis</span> <span class='ocrx_word' id='word_1_373' title='bbox 780 2587 818 2618; x_wconf 88' lang='grc' dir='ltr'>Ε.</span> <span class='ocrx_word' id='word_1_374' title='bbox 880 2588 912 2618; x_wconf 90' lang='lat' dir='ltr'>id</span> <span class='ocrx_word' id='word_1_375' title='bbox 938 2588 1003 2629; x_wconf 87' lang='lat' dir='ltr'>est]</span> <span class='ocrx_word' id='word_1_376' title='bbox 1029 2589 1109 2620; x_wconf 85' lang='lat' dir='ltr'>item</span> <span class='ocrx_word' id='word_1_377' title='bbox 1139 2590 1176 2621; x_wconf 84' lang='lat' dir='ltr'>F.</span> <span class='ocrx_word' id='word_1_378' title='bbox 1251 2589 1305 2622; x_wconf 86' lang='lat'>72.</span> <span class='ocrx_word' id='word_1_379' title='bbox 1336 2590 1378 2631; x_wconf 89' lang='lat' dir='ltr'>si]</span> <span class='ocrx_word' id='word_1_380' title='bbox 1406 2602 1433 2622; x_wconf 88' lang='lat' dir='ltr'>s.</span> <span class='ocrx_word' id='word_1_381' title='bbox 1462 2592 1532 2631; x_wconf 70' lang='lat' dir='ltr'>(tho</span> <span class='ocrx_word' id='word_1_382' title='bbox 1560 2592 1633 2622; x_wconf 82' lang='lat' dir='ltr'>sed-</span> 
     </span>
     <span class='ocr_line' id='line_1_38' title="bbox 109 2641 1632 2682; baseline 0.002 -9"><span class='ocrx_word' id='word_1_383' title='bbox 109 2642 257 2682; x_wconf 88' lang='lat' dir='ltr'>symbol)</span> <span class='ocrx_word' id='word_1_384' title='bbox 287 2641 324 2671; x_wconf 82' lang='lat' dir='ltr'>E.</span> <span class='ocrx_word' id='word_1_385' title='bbox 377 2652 498 2682; x_wconf 79' lang='lat' dir='ltr'>capere</span> <span class='ocrx_word' id='word_1_386' title='bbox 527 2642 694 2672; x_wconf 88' lang='lat' dir='ltr'>mundum</span> <span class='ocrx_word' id='word_1_387' title='bbox 725 2641 762 2672; x_wconf 88' lang='lat' dir='ltr'>F.</span> <span class='ocrx_word' id='word_1_388' title='bbox 813 2642 852 2674; x_wconf 86' lang='lat' dir='ltr'>si.</span> <span class='ocrx_word' id='word_1_389' title='bbox 882 2642 1047 2673; x_wconf 65' lang='lat' dir='ltr'>harenam</span> <span class='ocrx_word' id='word_1_390' title='bbox 1077 2654 1143 2675; x_wconf 81' lang='lat' dir='ltr'>ma.</span> <span class='ocrx_word' id='word_1_391' title='bbox 1178 2644 1227 2675; x_wconf 78' lang='lat' dir='ltr'>E:</span> <span class='ocrx_word' id='word_1_392' title='bbox 1272 2645 1310 2675; x_wconf 84' lang='lat' dir='ltr'>si.</span> <span class='ocrx_word' id='word_1_393' title='bbox 1342 2646 1459 2677; x_wconf 75' lang='lat' dir='ltr'>stellas</span> <span class='ocrx_word' id='word_1_394' title='bbox 1487 2646 1571 2676; x_wconf 81' lang='lat' dir='ltr'>caeli</span> <span class='ocrx_word' id='word_1_395' title='bbox 1601 2652 1632 2676; x_wconf 73' lang='lat' dir='ltr'>et</span> 
     </span>
     <span class='ocr_line' id='line_1_39' title="bbox 109 2695 1630 2739; baseline 0.002 -13"><span class='ocrx_word' id='word_1_396' title='bbox 109 2696 202 2727; x_wconf 89' lang='lat' dir='ltr'>velut</span> <span class='ocrx_word' id='word_1_397' title='bbox 226 2706 367 2726; x_wconf 82' lang='lat' dir='ltr'>arenam</span> <span class='ocrx_word' id='word_1_398' title='bbox 391 2706 478 2736; x_wconf 73' lang='lat' dir='ltr'>quat·</span> <span class='ocrx_word' id='word_1_399' title='bbox 504 2702 553 2725; x_wconf 71' lang='lat' dir='ltr'>ost</span> <span class='ocrx_word' id='word_1_400' title='bbox 581 2696 612 2726; x_wconf 87' lang='lat' dir='ltr'>in</span> <span class='ocrx_word' id='word_1_401' title='bbox 641 2696 737 2726; x_wconf 76' lang='lat' dir='ltr'>litore</span> <span class='ocrx_word' id='word_1_402' title='bbox 763 2706 829 2725; x_wconf 82' lang='lat' dir='ltr'>ma.</span> <span class='ocrx_word' id='word_1_403' title='bbox 860 2695 912 2726; x_wconf 87' lang='lat' dir='ltr'>Gl.</span> <span class='ocrx_word' id='word_1_404' title='bbox 962 2696 1029 2727; x_wconf 88' lang='lat' dir='ltr'>sint</span> <span class='ocrx_word' id='word_1_405' title='bbox 1058 2697 1094 2727; x_wconf 85' lang='grc'>1,.</span> <span class='ocrx_word' id='word_1_406' title='bbox 1145 2699 1233 2738; x_wconf 84' lang='lat' dir='ltr'>quod</span> <span class='ocrx_word' id='word_1_407' title='bbox 1261 2699 1302 2729; x_wconf 85' lang='lat' dir='ltr'>ad</span> <span class='ocrx_word' id='word_1_408' title='bbox 1331 2699 1565 2739; x_wconf 88' lang='lat' dir='ltr'>loquutionem</span> <span class='ocrx_word' id='word_1_409' title='bbox 1593 2700 1630 2730; x_wconf 77' lang='lat' dir='ltr'>F.</span> 
     </span>
     <span class='ocr_line' id='line_1_40' title="bbox 110 2747 1631 2791; baseline 0.003 -10"><span class='ocrx_word' id='word_1_410' title='bbox 110 2756 293 2791; x_wconf 87' lang='lat' dir='ltr'>utrumque</span> <span class='ocrx_word' id='word_1_411' title='bbox 324 2750 360 2780; x_wconf 86' lang='lat' dir='ltr'>F.</span> <span class='ocrx_word' id='word_1_412' title='bbox 417 2749 543 2790; x_wconf 77' lang='lat' dir='ltr'>tropice</span> <span class='ocrx_word' id='word_1_413' title='bbox 571 2749 652 2788; x_wconf 87' lang='lat' dir='ltr'>(om.</span> <span class='ocrx_word' id='word_1_414' title='bbox 682 2750 746 2788; x_wconf 86' lang='lat' dir='ltr'>est)</span> <span class='ocrx_word' id='word_1_415' title='bbox 777 2749 813 2780; x_wconf 93' lang='lat' dir='ltr'>L.</span> <span class='ocrx_word' id='word_1_416' title='bbox 877 2747 931 2781; x_wconf 82' lang='grc'>74.</span> <span class='ocrx_word' id='word_1_417' title='bbox 959 2750 1040 2791; x_wconf 86' lang='lat' dir='ltr'>quo]</span> <span class='ocrx_word' id='word_1_418' title='bbox 1070 2752 1159 2791; x_wconf 86' lang='lat' dir='ltr'>quod</span> <span class='ocrx_word' id='word_1_419' title='bbox 1192 2752 1218 2782; x_wconf 85' lang='lat' dir='ltr'><em>E</em></span> <span class='ocrx_word' id='word_1_420' title='bbox 1251 2752 1303 2783; x_wconf 73' lang='lat' dir='ltr'>Gt.</span> <span class='ocrx_word' id='word_1_421' title='bbox 1335 2759 1385 2784; x_wconf 79' lang='lat' dir='ltr'>cst</span> <span class='ocrx_word' id='word_1_422' title='bbox 1414 2753 1519 2784; x_wconf 69' lang='lat' dir='ltr'>etium</span> <span class='ocrx_word' id='word_1_423' title='bbox 1551 2761 1631 2786; x_wconf 82' lang='lat' dir='ltr'>tem.</span> 
     </span>
    </p>
   </div>
  </div>
 </body>
</html>
