1846 3017
711 118 848 166 Julian
880 119 924 167 of
956 119 1108 156 Toledo
1622 123 1670 161 27

149 237 255 274 vada
298 237 408 274 salsa
447 236 622 275 carina.‘
695 237 827 274 Frons
867 237 1020 287 quippe
1063 240 1307 277 tantundem
1349 240 1589 279 animalium
1632 248 1671 279 et

149 302 361 340 hominum
387 311 474 346 est:
513 306 623 352 quod
651 317 799 342 nomen
826 305 858 342 si
886 313 1006 353 poeta
1036 307 1128 343 navi
1157 320 1236 344 non
1263 307 1544 355 apposuisset,
1573 308 1670 358 quid

148 370 361 420 proprium
399 369 530 409 eidem
569 372 674 419 parti
714 370 866 409 diceret
908 385 987 410 non
1027 373 1210 410 haberet.
1283 374 1397 411 Sicut
1438 382 1475 412 ct
1515 383 1666 413 cetera.

148 436 213 475 15.
249 437 511 476 Metalemsis
529 446 591 476 est
614 438 743 476 dictio
762 438 972 488 gradatim
997 452 1177 488 pergens
1200 443 1251 478 ad
1277 442 1314 479 id
1339 445 1447 490 qnod
1471 442 1668 488 ostendit,

149 511 193 543 ut
217 505 336 554 (Aen.
367 507 402 552 1,
432 506 496 554 60)
523 509 531 523 ‘
553 505 762 554 speluncis
787 506 944 544 abdidit
971 506 1105 544 atris.'
1171 508 1221 544 Et
1249 508 1353 558 (Ecl.
1388 512 1421 554 l,
1453 510 1517 559 69)
1548 512 1670 559 ‘post

147 571 304 622 aliquot
329 585 421 610 mea
447 586 579 622 regna
605 573 751 610 videns
778 572 958 611 mirabor
985 574 1196 612 aristas?'
1256 577 1334 613 Per
1360 574 1512 614 aristas
1538 589 1671 614 annos

146 652 197 677 ex
224 640 428 678 fructibus
453 646 681 690 conputat;
722 653 817 678 nam
846 654 919 690 per
945 640 1098 679 aristas
1123 642 1260 692 grani,
1291 656 1362 692 per
1388 656 1548 691 granos
1574 644 1669 682 anni

146 707 369 757 significati
394 715 489 745 sunt
513 721 590 757 pro
611 720 663 745 eo
681 710 791 757 quod
816 721 888 757 per
912 707 1101 758 singulos
1125 722 1257 747 annos
1282 716 1374 747 sata
1399 710 1664 759 colliguntur.

145 772 210 812 16.
247 774 367 812 Dicta
409 782 549 813 autem
590 775 845 813 metalemsis
886 778 938 814 ab
980 789 1029 814 eo
1071 778 1181 825 quod
1224 776 1433 826 praecedit
1478 778 1515 816 id
1558 779 1668 827 quod

145 842 346 891 sequitur,
398 849 442 881 ut
491 843 609 891 (Aen.
663 843 700 891 2,
753 842 844 890 229)
897 844 905 858 ⁴
927 844 1063 883 scelus
1109 843 1359 893 expendisse
1407 845 1666 882 merentem.'

145 909 289 948 Scelus
320 908 428 947 enim
463 909 602 959 posuit
636 923 711 959 pro
743 922 932 959 poenam.
997 911 1100 949 Item
1136 911 1303 949 Persius
1336 912 1391 962 (3,
1433 914 1494 962 ll)
1533 913 1668 960 ‘quae

142 989 291 1016 manus
309 983 450 1016 cartae
470 978 712 1026 nodosaque
734 977 846 1015 venit
867 977 1058 1016 arundo.'
1110 979 1219 1016 Nam
1240 992 1313 1028 per
1334 992 1501 1018 manum
1524 981 1665 1029 verba,

142 1057 216 1094 per
239 1044 484 1083 arundinem
513 1045 674 1082 litterae
702 1044 963 1094 significatae
993 1052 1103 1083 sunt.
1162 1045 1267 1084 Item
1296 1047 1434 1084 Varro
1460 1045 1663 1097 (Menipp.

143 1111 234 1161 578)
264 1113 271 1127 ‘
292 1125 445 1162 ponam
469 1111 672 1150 bisulcam
697 1120 738 1150 et
763 1111 1051 1151 crebrinodam
1077 1112 1356 1150 arundinem!
1412 1112 1477 1150 17.
1534 1115 1669 1151 Meto—

141 1179 331 1217 nomasia
353 1186 416 1217 est
436 1180 643 1228 quaedam
665 1180 791 1218 veluti
815 1178 1177 1219 transnominatio.
1233 1179 1371 1219 Huius
1393 1180 1549 1219 multae
1570 1188 1667 1218 sunt

142 1245 315 1295 species.
383 1248 465 1284 Aut
502 1247 611 1285 enim
649 1259 721 1297 per
759 1247 797 1286 id
834 1249 945 1295 quod
982 1247 1168 1285 continet
1206 1246 1245 1286 id
1282 1249 1392 1296 quod
1430 1245 1666 1284 continetur

139 1315 339 1364 ostendit,
379 1321 423 1353 ut
459 1313 577 1365 (Aen.
618 1314 654 1361 7,
697 1314 787 1364 133)
827 1317 966 1353 ‘nunc
1000 1321 1170 1364 pateras
1205 1314 1330 1353 libate
1368 1315 1488 1353 Iovi.’
1582 1315 1665 1352 Aut

139 1389 298 1427 contra,
332 1390 377 1421 ut
405 1381 523 1431 (Aen.
558 1384 593 1431 l,
626 1381 717 1431 724)
748 1381 872 1422 ‘vina
900 1382 1137 1421 coronant.’
1194 1383 1277 1420 Aut
1305 1394 1377 1431 per
1406 1381 1665 1419 inventorem

141 1450 180 1488 id
202 1451 313 1499 quod
336 1450 549 1488 inventum
573 1456 650 1498 est,
679 1457 723 1488 ut
747 1449 856 1499 (Ter.
887 1450 991 1487 Eun.
1018 1449 1109 1500 732)
1136 1452 1143 1464 ‘
1166 1448 1256 1488 sine
1275 1450 1427 1488 Cerere
1451 1456 1491 1487 et
1516 1449 1667 1487 Libero

141 1516 268 1566 friget
296 1517 473 1555 Venus.'
532 1518 615 1555 Aut
643 1522 804 1564 contra,
838 1523 881 1555 ut
912 1516 1064 1568 (Plaut.
1099 1517 1149 1555 fr.
1185 1516 1275 1568 159)
1309 1515 1494 1554 ‘Vinum
1523 1527 1666 1565 preca-

139 1594 245 1631 mur,
278 1597 372 1623 nam
401 1583 466 1622 hic
493 1585 596 1623 deus
624 1596 824 1634 praesens
853 1584 1004 1622 adest.'
1066 1584 1183 1623 Haec
1213 1584 1389 1632 exempli
1419 1597 1547 1622 causa
1576 1583 1665 1622 dili-

138 1650 336 1701 gentibus
380 1651 518 1701 posita
561 1651 686 1690 etiam
733 1650 889 1700 reliqua
933 1649 1400 1702 demonstrabunt[ur].
1477 1648 1542 1687 18.
1577 1650 1664 1688 Me-

139 1718 324 1768 tonymia
353 1726 417 1756 est
443 1718 572 1757 dictio
596 1720 652 1758 ab
677 1718 756 1757 alia
783 1717 1092 1768 significatione
1117 1721 1168 1758 ad
1197 1718 1321 1756 aliam
1350 1716 1663 1766 proximitatem

137 1787 358 1836 translata,
393 1786 520 1824 veluti
552 1785 863 1824 transmutatio.
929 1785 994 1823 Fit
1026 1793 1169 1824 autem.
1198 1783 1343 1823 multis
1371 1784 1520 1823 modis.
1585 1785 1664 1822 Per

136 1853 419 1893 continentem
462 1854 500 1892 id
542 1854 652 1903 quod
693 1853 931 1891 continetur
969 1852 1192 1903 significat,
1237 1859 1283 1891 ut
1323 1852 1441 1902 (Aen.
1489 1850 1525 1899 7,
1571 1851 1661 1900 133)

140 1922 148 1937 ‘
168 1934 278 1960 nunc
302 1928 471 1971 pateras
497 1921 626 1960 libate
650 1921 771 1958 Iovi.‘
828 1922 911 1959 Aut
935 1926 1097 1968 contra,
1125 1926 1173 1958 ut
1199 1919 1317 1970 (Aen.
1350 1921 1385 1966 l,
1415 1918 1506 1969 724)
1537 1919 1545 1934 ‘
1565 1917 1662 1955 vina

135 1989 370 2028 coronant.’
452 1986 518 2026 19.
553 1990 657 2026 Item
708 1988 746 2026 in
800 1986 1034 2037 Evangelio
1085 1986 1292 2025 Dominus
1343 1986 1419 2037 (Io.
1477 1987 1541 2033 15,
1597 1986 1659 2036 18)

138 2057 348 2095 ‘mundus
391 2069 467 2094 vos
509 2055 629 2102 odit‚'
674 2068 752 2106 pro
790 2055 854 2093 his
895 2055 965 2105 qui
1009 2055 1048 2094 in
1091 2055 1250 2092 mundo
1289 2059 1398 2092 sunt.
1472 2053 1576 2090 Item
1621 2053 1660 2090 in

138 2124 386 2175 Evangelio(
408 2125 433 2173 !)
471 2124 510 2172 (2
548 2124 642 2162 Cor.
685 2124 722 2172 5,
762 2122 826 2172 21)
866 2123 965 2171 ‘qui
1002 2135 1082 2160 non
1121 2127 1295 2160 noverat
1331 2127 1547 2171 peccatum
1585 2132 1663 2169 pro

133 2255 280 2294 symbol)
311 2254 367 2285 Ll.
421 2255 669 2295 coniuncteque
702 2254 750 2284 L:
795 2254 987 2295 iunctisque
1023 2254 1119 2295 Verg.
1174 2253 1280 2294 salsa]
1311 2264 1395 2284 saxa
1427 2253 1522 2284 codd.
1576 2252 1658 2282 durn

133 2310 238 2340 facies
263 2316 295 2340 et
321 2310 415 2341 frons
443 2317 512 2341 tan.
541 2310 594 2340 Gl.
624 2309 840 2348 (tantundem
870 2309 922 2339 for
950 2309 1191 2339 tantummodo
1219 2309 1246 2339 is
1273 2320 1293 2338 a
1319 2315 1425 2348 usage
1451 2307 1488 2338 of
1513 2306 1655 2346 Julian).

133 2361 186 2395 15.
215 2363 353 2404 aliquod
384 2363 434 2393 E:
479 2364 608 2403 aliquid
644 2363 729 2392 F1l..
788 2363 943 2403 frugibus
976 2362 1003 2393 E
1036 2362 1088 2392 Gl.
1155 2361 1208 2394 16.
1237 2365 1317 2392 asim
1352 2361 1389 2391 L.
1444 2371 1554 2401 poena
1586 2360 1654 2390 Fl..

134 2418 269 2458 prosius
290 2417 348 2448 El.
372 2418 424 2449 Gl.
449 2418 612 2458 (through
637 2418 785 2447 mistake
806 2417 841 2447 of
862 2417 919 2447 the
939 2417 1087 2456 Spanish
1110 2415 1343 2456 per-symbol).
1389 2415 1489 2455 inque
1511 2425 1577 2447 ma.
1603 2424 1654 2444 ca.

131 2471 237 2510 (nom.
267 2472 371 2512 plur.)
398 2471 546 2502 Persius.
597 2472 781 2502 vissulcarn
812 2471 848 2501 E.
898 2470 1136 2501 crebrinodam
1164 2470 1191 2500 E
1221 2470 1273 2500 Gt.
1303 2471 1411 2508 (some
1440 2468 1540 2500 MSS.
1571 2470 1656 2500 have

131 2526 425 2566 crebrisnodam):
468 2526 747 2557 crebrinodosam
780 2525 847 2555 Fl..
902 2525 975 2555 'l'he
1008 2524 1278 2555 Varro-citation
1310 2525 1337 2554 is
1371 2534 1464 2554 more
1496 2523 1657 2553 welcome

135 2580 217 2612 than
239 2586 307 2621 apt.
349 2580 379 2611 lt
397 2580 421 2612 it
441 2581 469 2611 is
489 2587 546 2610 not
566 2591 609 2610 an
630 2580 782 2610 addition
804 2580 844 2618 by
864 2579 980 2617 Julian
1002 2579 1052 2617 (or
1070 2585 1137 2619 eg.
1160 2578 1212 2608 his
1234 2577 1370 2608 toacher
1392 2577 1545 2616 lingone)
1567 2576 1655 2607 from

131 2645 151 2665 a
179 2634 326 2675 Spanish
359 2634 432 2665 MS.
463 2635 499 2665 of
529 2634 640 2665 Varro
669 2634 720 2670 (or
749 2633 836 2663 from
865 2644 883 2663 a
915 2632 1085 2671 marginal
1116 2638 1193 2662 note
1223 2631 1254 2662 in
1286 2642 1305 2661 a
1335 2631 1482 2671 Spanish
1515 2630 1588 2662 MS.
1620 2629 1657 2660 of

131 2688 294 2728 Persius),
320 2688 412 2719 what
437 2689 504 2719 else
529 2698 591 2718 can
618 2688 643 2718 it
667 2688 730 2718 bc?
780 2685 832 2719 17.
862 2686 1074 2717 Metonomia
1103 2685 1140 2715 Ε.
1192 2685 1301 2725 adest]
1327 2691 1375 2715 est
1406 2685 1441 2715 F.
1493 2681 1545 2716 18.
1574 2687 1654 2715 aum

135 2741 174 2774 L.
231 2743 368 2783 Clearly
399 2742 515 2781 Julian
548 2743 701 2773 borrows
733 2738 821 2772 from
855 2747 923 2772 two
953 2747 1150 2781 grammars
1181 2739 1238 2777 (cl.
1274 2738 1343 2778 23).
1394 2736 1446 2770 19.
1484 2738 1654 2769 Dominus
