1882 3032
170 124 218 161 28
728 128 869 176 Julian
899 128 944 177 os
974 129 1127 166 Toledo

168 244 287 282 nobis
319 251 540 293 peccatum«
570 245 701 293 fecit‚’
736 247 772 286 id
805 255 868 285 est
901 247 1038 286 hostia
1070 260 1145 297 pro
1176 255 1362 297 peccato.
1428 251 1532 288 Item
1565 248 1696 300 (Osee

168 311 205 359 4,
234 310 273 360 8)
301 312 308 326 ¹
330 318 503 361 peccata
525 314 665 362 populi
693 315 770 351 mei
796 315 1048 361 come(lent,'
1078 316 1120 354 itl'
1141 322 1204 353 est
1229 316 1462 354 oblationes
1487 331 1594 366 quae
1620 331 1696 367 pro

167 379 350 427 peccatis
407 379 653 417 offeruntur.
742 379 809 418 20.
845 382 952 419 Item
1007 382 1235 431 Apostolus
1295 382 1464 433 (Ephes
1529 386 1566 431 5,
1632 384 1694 432 16)

171 446 397 495 ‘quoniam
435 445 523 485 dies
562 449 656 485 mali
696 451 826 496 sunt‚’
865 462 942 498 pro
978 449 1040 487 his
1077 451 1146 498 qui
1184 451 1222 488 in
1261 450 1407 488 (liebus
1445 451 1540 489 mali
1580 457 1692 498 sunt,

167 513 266 562 quia
290 514 378 552 dies
405 515 500 552 mali
527 528 619 552 esse
647 529 727 553 non
755 523 945 565 possunt.
1010 517 1062 554 Et
1090 518 1282 555 Psalmus
1312 516 1392 568 (22,
1423 520 1461 571 5)
1493 520 1562 556 ‘et
1588 517 1694 557 calix

168 587 268 619 tuus.
305 581 547 628 ineb=rians,'
589 585 686 621 (lum
726 596 807 620 non
847 583 953 621 calix
994 584 1168 622 inebriat
1209 588 1280 624 sed
1320 585 1398 624 hoc
1438 589 1548 635 quod
1589 587 1696 623 intra

167 649 339 686 calicem
368 656 445 687 est.
507 648 572 686 21.
608 649 723 687 Sicut
752 657 791 688 et
822 652 871 689 de
900 653 1026 688 domo
1056 652 1118 694 <⁴
1141 652 1247 689 laeta
1269 653 1347 700 '>‚
1382 659 1553 701 pro-pter
1582 651 1697 689 laeti-

169 715 269 753 tiam
305 729 451 754 eorum»
484 717 553 764 qui
589 717 628 754 in
663 718 790 755 domo
825 724 934 757 sunt.
1027 720 1081 758 Et
1116 719 1328 768 Vergilius
1366 720 1484 769 (Aen.
1526 719 1562 769 7,
1604 720 1694 770 224)

170 784 177 798 ‘
199 784 393 831 Europae
416 789 542 832 atque
566 784 693 821 Asiae
717 784 817 822 fatis
838 793 1104 823 concurreret
1128 786 1268 823 orbis'
1291 800 1298 831 ;
1324 800 1403 823 non
1429 789 1539 835 quod
1564 787 1692 833 orbis,

170 854 242 891 sed
272 853 342 902 qui
373 854 411 891 in
443 855 554 892 orbe.
622 855 723 892 Item
758 854 876 904 (Aen.
913 856 950 905 2,
986 856 1077 905 265)
1111 855 1342 893 ‘invadunt
1375 857 1518 894 urbem
1550 870 1700 894 somno

168 920 350 970 vinoque
390 922 653 970 sepultam;';
710 923 853 959 urbem
895 935 973 972 pro
1011 922 1249 960 horninibus
1291 922 1533 972 significans
1576 924 1693 962 dixit.

172 989 277 1026 Item
344 991 353 1006 ‘
374 989 540 1027 theatra
603 990 841 1039 plaud‘unt,’
912 992 920 1006 ⁴
940 996 1061 1039 prata
1128 990 1354 1040 mugiunt,‘
1425 1005 1552 1041 quum
1620 991 1699 1030 illic

170 1055 359 1094 homines
409 1057 628 1106 plaudunt,
682 1058 748 1095 hic
798 1058 930 1096 boves
979 1058 1186 1108 mugiunt.
1285 1057 1349 1096 22.
1399 1059 1502 1096 Item
1553 1066 1699 1097 contra

170 1137 243 1173 per
296 1124 335 1163 id
391 1125 500 1174 quod
555 1125 793 1163 continetur
861 1126 899 1165 id
954 1128 1066 1175 quod
1119 1125 1320 1173 continet,
1378 1133 1423 1164 ut
1479 1125 1597 1175 (Aen.
1658 1127 1695 1173 2,

172 1191 262 1242 311)
340 1192 451 1230 ‘iam
524 1193 850 1242 pr<ox>imus
923 1194 1041 1231 ardet
1118 1193 1367 1243 Ucale:go-n‚'
1444 1194 1543 1231 dum
1617 1207 1698 1232 non

171 1259 235 1297 ille
281 1263 352 1299 sed
397 1262 548 1298 domus
594 1260 683 1298 eius
727 1261 904 1298 arderet.
984 1261 1088 1298 Item
1135 1260 1254 1311 (Aen.
1307 1262 1342 1308 5,
1392 1260 1485 1312 817)
1534 1260 1700 1311 ‘iungit

171 1340 303 1376 equos
326 1329 414 1366 auri
438 1328 606 1378 genito-r
631 1327 957 1378 spumantiaque
978 1327 1094 1366 addit
1120 1329 1238 1366 frena
1265 1327 1363 1365 feris
1385 1329 1391 1342 ’
1412 1343 1420 1375 ;
1461 1327 1701 1377 spumantia

171 1396 292 1433 frena
318 1395 436 1441 dixit,
467 1409 595 1443 quum
625 1409 706 1433 non
737 1396 827 1445 ipsa
855 1403 1049 1445 spument
1079 1398 1151 1434 sed
1182 1397 1235 1434 ab
1261 1409 1313 1433 eo·
1338 1396 1408 1445 qui
1437 1409 1486 1434 ea
1515 1394 1701 1433 continet

172 1462 334 1512 spumis
355 1470 696 1513 conspergantur
718 1463 880 1500 infusis.
937 1461 1003 1499 23.
1037 1463 1121 1500 Aut
1145 1476 1217 1512 per
1242 1464 1504 1500 inventorem.
1527 1463 1566 1502 id
1590 1463 1701 1512 quod

171 1530 386 1568 inventum
414 1536 492 1580 est,
522 1538 568 1568 ut
597 1530 708 1581 (Ter.
741 1531 845 1569 Eun.
880 1529 971 1580 732)
1002 1533 1008 1545 ⁴
1032 1530 1122 1568 sine
1148 1532 1300 1568 Cerere
1327 1537 1367 1568 et
1396 1531 1548 1569 Libero
1575 1529 1702 1579 friget

172 1599 348 1636 Venus.’
413 1599 524 1636 Nam.
546 1598 754 1635 interdum
778 1611 851 1647 per
877 1598 1135 1636 inventorem
1162 1598 1376 1636 inventum
1403 1596 1629 1647 significat,
1657 1602 1703 1635 ut

173 1672 235 1703 est
261 1666 339 1703 hoc
364 1667 475 1713 quod
503 1665 694 1715 superius
719 1665 878 1705 dictum<
903 1671 966 1703 est
987 1680 994 1703 :
1039 1665 1129 1703 sine
1154 1666 1305 1703 Cerere
1331 1671 1371 1702 et
1397 1665 1549 1703 Libero
1575 1665 1704 1714 friget

173 1733 343 1779 Venus;
385 1739 426 1770 et
455 1732 573 1782 (Aen.
608 1734 644 1779 9,
678 1732 742 1783 76)
776 1731 1078 1771 ‘commixtam
1106 1733 1322 1770 Vulcanus
1350 1731 1477 1769 mittit
1505 1734 1557 1771 ad
1588 1736 1703 1769 astra

173 1800 391 1838 favillam.'
454 1801 555 1838 Vult
579 1799 687 1837 enim
710 1814 783 1849 per
804 1802 1001 1838 Cererem.
1022 1799 1145 1850 panis
1168 1798 1440 1838 inventricem
1462 1798 1703 1847 intellegere

172 1880 338 1917 panem,
366 1880 440 1917 per
465 1867 661 1905 Liberum
687 1868 946 1905 inventorem
972 1867 1072 1905 vitis
1094 1866 1249 1913 vinum,
1278 1880 1351 1915 per
1377 1867 1582 1904 Venerem
1607 1878 1704 1904 con-

173 1935 374 1984 cubitum,
412 1948 486 1984 per
519 1936 754 1973 Vulcanum
791 1935 943 1985 ignem.
1006 1933 1072 1971 24.
1109 1935 1215 1971 Item
1246 1943 1292 1973 ut
1326 1934 1479 1983 (Plaut.
1521 1933 1569 1971 fr.
1613 1931 1703 1981 159)

175 2005 184 2021 ‘
205 2002 361 2041 Vinum
391 2014 625 2052 precamur,
658 2016 754 2040 narn
785 2003 849 2042 hic
879 2004 980 2040 deus
1009 2014 1211 2052 praesens
1242 2002 1361 2039 adest
1381 2001 1417 2047 ';
1461 2013 1534 2050 per
1563 2000 1704 2038 inven-

175 2077 263 2109 tum
299 2071 562 2108 inventorem»
595 2070 711 2108 dixit.
778 2071 834 2107 Ut
874 2069 1044 2107 ‘vinum
1080 2069 1334 2118 precamur‚’
1374 2067 1492 2117 (Aen.
1537 2068 1571 2116 l,
1612 2065 1704 2115 734)

178 2137 318 2176 ‘ad‘sit
354 2136 535 2176 laetitiae
577 2138 767 2175 Bacchus
805 2140 926 2176 dato-r
964 2144 1003 2174 et
1041 2138 1150 2174 bona
1192 2135 1328 2174 Iuno-.’
1387 2133 1453 2172 25.
1489 2135 1594 2172 Item
1633 2146 1705 2183 per

176 2205 420 2244 efficientem
453 2206 491 2244 id
521 2208 631 2254 quo-d
664 2204 850 2251 efficitur,
888 2204 994 2242 sicut
1027 2204 1166 2242 ‘laeta
1197 2202 1403 2253 epistula’
1438 2201 1589 2239 dicitur
1621 2200 1706 2250 sig—

176 2332 243 2352 orn.
270 2322 308 2352 F.
356 2322 437 2352 item
460 2332 537 2352 eum
561 2322 619 2361 qui
644 2321 683 2351 E.
708 2322 778 2360 (the
800 2322 974 2361 exemplar
998 2322 1065 2352 had
1087 2324 1129 2352 ei]
1153 2320 1160 2334 ‘
1178 2320 1357 2361 evangelio
1373 2320 1406 2359 ').
1465 2318 1519 2351 20.
1547 2318 1639 2358 {ipsls
1664 2318 1701 2348 F.

176 2376 256 2416 quia
278 2376 358 2406 FL:
393 2387 500 2416 quum
522 2375 559 2405 E.
605 2377 687 2405 dum
710 2375 790 2415 non]
811 2376 963 2406 nondum
985 2376 1052 2406 Fl..
1099 2375 1242 2406 inebriet
1264 2375 1302 2405 E.
1358 2373 1412 2405 21.
1440 2372 1561 2413 Vcrg.]
1583 2371 1705 2402 vermi-

177 2432 238 2461 bus
259 2430 348 2460 EFL
370 2430 423 2460 Gl.
468 2430 527 2468 (So
548 2441 567 2460 a
587 2429 695 2469 faulty
715 2435 784 2460 text
804 2430 842 2460 of
859 2430 974 2467 Julian
996 2440 1068 2460 was
1089 2429 1210 2460 shared
1232 2430 1274 2468 by
1296 2428 1365 2467 all).
1412 2428 1512 2458 factis
1533 2426 1704 2457 concurrit

180 2485 240 2523 (-et
259 2485 318 2526 L2)
339 2484 408 2514 FL.
445 2484 643 2515 hominibus
664 2484 720 2513 FL
738 2494 744 2513 ε
766 2484 896 2514 civibus
917 2483 943 2513 E
960 2484 1012 2513 Gl.
1049 2481 1102 2514 22.
1125 2483 1256 2523 primus
1277 2483 1379 2512 ctiam
1403 2482 1455 2512 Gl.
1495 2491 1580 2511 auro
1604 2480 1702 2519 Verg.

178 2539 218 2569 fr.
243 2539 374 2569 addixit
396 2538 435 2568 Ε.
482 2539 524 2569 ab
545 2550 586 2569 co
606 2539 728 2576 (habco
750 2538 791 2576 E)
813 2538 871 2567 EF
892 2538 944 2568 Gl.
966 2549 970 2567 z
1008 2540 1049 2569 ab
1071 2548 1158 2577 equo
1182 2537 1219 2566 I..
1265 2542 1541 2575 consparguntur
1565 2535 1602 2564 F.
1649 2532 1703 2565 23.

178 2594 244 2623 Aut
266 2603 327 2633 pro
351 2592 389 2623 E.
437 2593 541 2623 What
566 2592 734 2622 inartistic
757 2592 983 2631 patchwork!
1031 2590 1116 2630 vult]
1138 2597 1174 2621 ut
1201 2590 1267 2620 FL.
1316 2590 1527 2629 intellegeret
1552 2589 1588 2618 F.
1648 2587 1702 2619 24.

178 2646 288 2687 adest]
313 2652 361 2677 cst
387 2646 425 2676 E.
476 2646 646 2686 Bacchus]
670 2646 785 2676 vultus
811 2646 847 2675 F.
894 2646 979 2675 This
1001 2646 1066 2675 last
1091 2651 1248 2675 sentence
1275 2644 1372 2674 looks
1397 2644 1464 2673 like
1489 2654 1508 2673 a
1535 2642 1705 2682 marginal

179 2701 328 2741 adscript
360 2700 562 2740 (Juliati‘sP)
593 2711 630 2730 or
662 2700 717 2730 the
747 2700 973 2731 side-remark
1004 2699 1040 2729 of
1071 2710 1089 2729 a
1121 2699 1266 2729 lecturer
1298 2697 1530 2737 (presumably
1561 2696 1703 2734 Julian).

179 2754 234 2787 25.
262 2755 356 2795 epsla
389 2755 426 2785 F.
482 2766 549 2795 quo
581 2756 647 2785 leta
681 2754 729 2784 F:
776 2764 862 2794 quos
892 2755 1042 2794 legenti-s
1079 2753 1102 2782 L
1137 2754 1215 2790 (non
1252 2752 1333 2791 GL).
1389 2751 1534 2782 efficitur
1567 2751 1635 2781 leto
1667 2750 1704 2780 F.
