1882 3032
229 145 278 182 34
788 147 929 195 Julian
958 147 1003 196 os
1033 147 1187 185 Toledo

225 265 291 305 63.
326 267 401 305 Est
429 267 537 306 enirn
564 269 669 305 ordo
694 269 818 307 talis:
863 270 943 307 fert
970 270 1136 309 animus
1162 271 1200 309 in
1229 285 1336 312 nova
1364 286 1539 322 corpora
1566 281 1752 313 mutatas

225 335 360 374 dicere
389 337 573 383 formas;
617 337 671 386 di,
703 336 863 387 coeptis
892 338 1103 387 adspirate
1133 339 1248 386 meis,
1281 353 1376 378 narn
1405 349 1445 379 et
1476 354 1553 381 vos
1578 341 1751 380 mutatis

225 403 327 441 illas.
391 402 456 441 64.
493 406 767 454 Hyperbaton
808 414 946 444 autem
986 414 1057 444 aut
1098 406 1235 445 brevis
1274 416 1337 445 cst
1377 416 1448 446 aut
1487 409 1639 459 longus
1678 417 1753 448 aut

223 473 440 509 obscurus.
535 473 693 522 Brevis,
731 474 798 510 ubi
835 486 988 523 parvae
1024 474 1254 512 sententiae
1288 477 1352 513 vel
1388 477 1595 516 sermonis.
1628 476 1751 515 inter-

222 539 378 588 positio
409 539 640 578 orationem
677 540 844 590 decidit,
884 547 928 580 ut
965 554 1090 590 supra
1126 543 1283 580 dictum
1319 550 1395 581 est.
1459 542 1524 581 65.
1558 543 1746 593 Longus,

222 607 290 645 ubi
322 607 452 646 multa
485 606 820 657 interponuntur,
856 615 900 647 ut
932 615 995 646 est
1027 609 1145 647 Pauli
1178 611 1357 658 apostoli
1391 611 1429 647 in
1464 610 1669 660 principio
1696 613 1748 649 ad

223 674 465 714 Romanos:
524 675 724 723 ‘Paulus,
766 688 912 714 servus
953 677 1047 715 Iesu
1085 676 1257 726 Christi,
1298 684 1475 716 vocatus
1512 679 1745 728 apostolus,

221 750 474 792 segregatus
512 743 550 781 in
589 742 808 792 evangelio
846 743 940 794 Dei,
979 746 1089 793 quod
1125 751 1223 783 ante
1260 744 1508 794 promiserat
1545 758 1619 795 per
1654 758 1749 795 pro-

219 810 367 859 phetas
397 822 494 848 suos
524 810 563 848 in
593 809 810 859 scripturis
840 810 997 848 sanctis
1025 812 1075 850 de
1104 811 1188 849 filio
1215 825 1306 859 suo,
1337 814 1405 862 qui
1437 813 1574 852 factus
1603 820 1667 851 est
1694 827 1746 852 ex

219 876 378 915 semine
408 878 544 916 David
577 879 803 916 secundum
836 891 1029 925 carnem3
1074 879 1142 928 qui
1173 878 1511 928 praedestinatus
1543 887 1606 918 est
1639 880 1746 918 filius

221 945 296 983 Dei
331 944 369 982 in
403 944 557 982 virtute
591 946 820 983 secundum
853 944 1044 994 spiritum
1079 945 1422 984 sanctificationis
1455 961 1506 985 ex
1540 959 1748 984 resurrec—

217 1011 329 1049 tione
380 1019 640 1049 mortuorum
696 1013 789 1050 Iesu
843 1012 1014 1061 Christi,
1074 1013 1242 1050 Domini
1294 1014 1440 1061 nostri,
1497 1027 1573 1063 per
1621 1026 1744 1063 quem

216 1079 452 1128 accepimus
477 1079 659 1129 gratiam
685 1087 724 1117 et
751 1080 1035 1129 apostolatum
1063 1082 1114 1118 ad
1141 1080 1445 1119 oboediendum
1473 1082 1565 1120 fidei
1593 1082 1632 1120 in
1658 1093 1745 1119 om-

216 1147 338 1185 nibus
365 1147 564 1197 gentibus
592 1160 670 1197 pro
697 1147 862 1186 nomine
893 1147 1006 1194 eius;
1051 1148 1089 1185 in
1119 1148 1270 1197 quibus
1302 1149 1403 1187 estis
1431 1156 1471 1187 et
1500 1162 1576 1186 vos
1605 1149 1743 1187 vocati

217 1216 311 1253 Iesu
340 1214 521 1260 Christi;
563 1215 757 1252 omnibus
785 1216 854 1264 qui
885 1223 980 1253 sunt
1012 1216 1171 1253 Romae
1201 1215 1239 1253 in
1269 1215 1444 1254 caritate
1476 1217 1552 1254 Dei
1582 1210 1743 1254 vocatis

216 1281 400 1319 sanctis:
447 1281 586 1331 gratia
615 1282 734 1320 vobis
763 1288 803 1319 et
834 1295 915 1331 pax
946 1295 969 1319 a
1002 1284 1106 1329 Deo,
1142 1284 1265 1320 Patre
1296 1290 1454 1332 nostro,
1489 1290 1528 1321 et
1561 1282 1745 1320 Domino

214 1350 307 1388 Iesu
342 1348 545 1386 Christo)
607 1347 671 1387 66.
707 1350 813 1388 Ecce
846 1351 1021 1399 longum.
1051 1350 1311 1399 hyperbaton
1346 1351 1383 1387 in
1418 1364 1501 1400 quo
1532 1363 1737 1397 removes,

213 1418 265 1455 de*
293 1417 431 1456 medio
460 1417 599 1454 omnia
631 1423 670 1455 ct
704 1418 808 1454 inter
839 1429 882 1454 se
914 1417 1046 1467 prima
1078 1425 1118 1455 et
1151 1424 1364 1466 postrema
1397 1418 1452 1456 ita
1486 1416 1736 1467 coniungis:

214 1485 383 1532 Paulus,
416 1497 562 1522 servus
594 1485 687 1523 Iesu
719 1484 890 1533 Christi,
923 1485 1117 1523 omnibus
1147 1485 1216 1534 qui
1249 1492 1345 1522 sunt
1378 1486 1540 1523 Romae>
1568 1485 1607 1522 in
1639 1482 1741 1522 cari-

212 1559 300 1590 tate
336 1552 413 1589 Dei
450 1551 610 1589 vocatis
648 1551 832 1590 sanctis:
886 1551 1024 1602 gratia
1061 1550 1180 1590 vobis
1215 1559 1255 1589 et
1290 1565 1372 1602 pax
1409 1565 1432 1589 a
1471 1553 1574 1600 Deo,
1615 1553 1740 1590 Patre

211 1626 370 1665 nostro,
401 1626 442 1657 et
472 1619 655 1656 Domino
685 1621 778 1657 Iesu
809 1619 990 1657 Christo.
1050 1617 1115 1656 67.
1151 1620 1254 1657 Item
1284 1621 1436 1669 longus
1467 1626 1506 1657 et
1535 1620 1740 1657 obscurus

211 1688 486 1736 hyperbato-n,
528 1693 572 1724 ut
610 1694 673 1724 est
712 1700 734 1724 a
775 1693 924 1724 sancto
961 1685 1203 1736 Augustino
1240 1687 1278 1724 in
1317 1685 1425 1724 libro
1461 1689 1511 1725 de
1550 1684 1738 1724 doctrina

210 1754 450 1792 Christiana
477 1755 544 1793 ubi
570 1754 668 1793 dicit
696 1754 750 1803 (2,
781 1755 844 1801 38,
875 1754 939 1802 57)
970 1756 1106 1802 ‘quae
1132 1761 1272 1792 tamen
1299 1753 1438 1792 omnia
1465 1753 1654 1803 quisquis
1682 1752 1738 1791 ita

211 1822 400 1860 dilexerit
426 1830 469 1860 ut
497 1822 651 1860 iactare
677 1835 720 1860 se
746 1823 853 1860 inter
877 1821 1033 1871 peritos
1059 1822 1157 1859 velit
1183 1828 1223 1859 et
1247 1834 1328 1859 non
1355 1820 1495 1870 potius
1522 1821 1629 1858 unde
1656 1819 1738 1859 sint

210 1902 307 1926 vera
343 1902 614 1940 cogno-scere,
654 1902 760 1939 quae
797 1890 1091 1927 tantummodo
1125 1901 1224 1927 vera
1260 1901 1352 1926 esse
1389 1886 1658 1937 persenserit,
1698 1894 1738 1924 et

210 1958 317 1996 unde
349 1959 555 2007 quaedam
587 1970 668 1995 non
703 1959 839 1995 solum¹
866 1970 965 1995 vera
996 1959 1067 1996 sed
1099 1956 1223 1994 etiam
1257 1954 1614 1993 incommutabilia
1644 1965 1737 1993 esse

209 2025 569 2074 conprehenderit,
620 2031 660 2062 et
707 2024 764 2062 sic
811 2026 863 2062 ab
911 2024 1002 2074 ipsa
1050 2022 1186 2072 specie
1234 2035 1455 2072 corporum
1505 2034 1639 2070 usque
1685 2021 1737 2059 ad

211 2091 437 2129 humanam
462 2097 643 2129 mentem
667 2090 926 2140 perveniens,
954 2104 1081 2139 quum
1105 2096 1145 2128 et
1170 2090 1304 2139 ipsam
1329 2088 1570 2127 mutabilem
1596 2088 1737 2125 inven-

211 2161 302 2208 erit,
331 2163 443 2210 quod
470 2174 580 2199 nunc
605 2162 743 2207 docta,
773 2174 881 2199 nunc
908 2161 1077 2198 indocta
1104 2159 1170 2206 sit,
1200 2159 1432 2198 constituta
1459 2166 1598 2197 tamen
1627 2157 1735 2196 intra

212 2231 610 2277 incommutabilem,
641 2243 766 2280 supra
794 2231 1037 2269 servitutem
1065 2237 1104 2267 et
1131 2229 1349 2268 mutabilia
1375 2229 1485 2267 infra
1510 2242 1556 2267 se
1579 2234 1732 2274 cetera,

209 2304 260 2340 ad
295 2303 420 2341 unius
455 2303 531 2340 Dei
566 2303 732 2340 laudem
769 2309 893 2350 atque
929 2300 1191 2340 dilectionem
1229 2305 1379 2338 cuncta
1414 2304 1672 2348 convertere,
1712 2313 1735 2338 a

207 2383 292 2418 quo
326 2376 477 2408 cuncta
514 2383 609 2407 esse
644 2369 878 2419 cognoscit,
918 2370 1067 2406 doctus
1104 2367 1233 2405 videri
1271 2374 1424 2416 potest,
1464 2379 1556 2404 esse
1593 2372 1734 2404 autem

208 2522 301 2552 codd.
352 2522 496 2551 mutatis
521 2522 623 2550 etiam
652 2520 703 2550 Gl.
755 2520 794 2550 In
820 2520 887 2559 fine
916 2520 966 2550 De
993 2519 1162 2559 tripertito
1189 2519 1216 2549 E
1243 2519 1299 2556 (cf.
1328 2517 1398 2556 64).
1455 2516 1510 2549 64-
1538 2519 1619 2547 afim
1646 2515 1730 2546 LG:

210 2586 276 2606 om.
301 2575 338 2605 F.
380 2582 431 2606 est
454 2585 520 2605 om.
547 2574 584 2605 L.
628 2576 728 2605 breve
751 2574 779 2605 G
802 2575 883 2612 (om.
908 2574 983 2613 est).
1027 2574 1075 2605 br.
1103 2574 1170 2604 lon.
1195 2574 1276 2611 (om.
1302 2574 1390 2613 aut.)
1413 2571 1450 2602 E.
1495 2571 1625 2602 dictum
1648 2570 1730 2610 (om.

205 2634 269 2669 est)
298 2630 324 2659 F
351 2629 403 2659 Gl.
455 2628 508 2661 65.
537 2630 622 2669 apsli
651 2629 689 2659 F.
737 2629 845 2668 apstls
874 2628 911 2659 F.
963 2634 1065 2658 antea
1095 2627 1119 2657 L
1148 2628 1228 2666 (non
1258 2626 1327 2666 GI.)
1377 2634 1426 2657 est
1454 2627 1483 2656 ei
1511 2636 1552 2656 ex
1579 2625 1616 2655 L.
1644 2634 1734 2655 mor-

206 2692 343 2714 tuorum
366 2684 393 2714 E
413 2684 466 2714 GI.
487 2695 492 2713 z
528 2694 594 2714 om.
620 2684 676 2713 FL
698 2683 742 2722 (G
763 2683 851 2722 n.l.).
897 2683 1023 2722 Deficit
1045 2682 1084 2712 G.
1130 2680 1183 2713 66.
1212 2691 1366 2711 removes
1389 2680 1447 2710 EF
1470 2679 1522 2710 Gl.
1542 2690 1548 2709 ῑ
1583 2688 1734 2709 remove-

209 2739 260 2769 bis
288 2739 324 2769 L.
373 2739 553 2778 coniungis
579 2737 606 2767 E
634 2737 713 2768 GL:
751 2737 938 2776 coniunges
969 2735 1035 2766 FL.
1087 2733 1141 2767 67.
1171 2733 1340 2773 dilexerit]
1368 2733 1572 2764 intellexerit
1598 2732 1624 2762 L
1651 2732 1734 2772 (non

207 2794 287 2835 GL).
332 2793 382 2834 ut]
402 2800 435 2824 et
456 2793 493 2824 F.
536 2794 598 2824 int.
620 2793 725 2833 inper,
749 2792 801 2822 Gl.
845 2799 943 2831 cogn.
966 2801 1021 2821 om
1043 2790 1111 2820 FL.
1155 2789 1385 2829 persenserint
1406 2787 1445 2818 E.
1490 2788 1562 2828 ipsa
1584 2792 1668 2818 mut.
1690 2786 1730 2818 Ε.
