1846 3017
686 134 825 182 Julian
855 134 900 183 of
931 135 1084 173 Toledo
1597 144 1645 182 26

124 253 196 291 sed
223 264 273 289 ex
299 252 493 290 omnibus
520 252 718 291 tredecim
748 254 942 292 Donatus
970 255 1079 303 (399,
1112 256 1174 304 14)
1202 258 1291 296 usui
1323 260 1522 299 tradenda
1551 274 1648 298 con-

125 318 303 368 scripsit.
364 320 553 369 Quorum
583 321 684 359 haee
713 329 810 358 sunt
838 321 1034 359 nomina:
1081 325 1341 372 metaphora,
1373 327 1642 373 catachresis,

122 386 393 433 metalemsis,
435 387 703 436 metonymia,
745 389 1053 434 antonomasia,
1097 390 1325 439 epitheton,
1370 395 1642 442 synecdoche,

121 452 458 503 onomatopoeia,
504 453 774 504 periphrasis,
821 457 1095 506 hyperbaton,
1143 459 1380 507 hyperbole,
1429 461 1643 509 allegoria,

123 521 373 559 homoeosis.
437 519 476 558 3.
512 522 760 572 Metaphora
795 531 859 561 est
896 536 1031 561 rerum
1069 527 1372 575 verborumque
1410 527 1641 565 translatio.

126 589 243 627 Haec
270 589 313 626 fit
342 588 476 628 modis
502 597 730 637 quattuor:
775 592 828 628 ab
854 591 1021 628 animali
1050 594 1102 630 ad
1131 592 1323 639 animale,
1355 596 1409 632 ab
1437 594 1648 633 inanimali

123 658 175 695 ad
199 655 434 701 inanimale,
461 658 517 694 ab
535 656 702 695 animali
726 660 776 696 ad
801 657 1038 706 inanimale,
1065 660 1121 698 ab
1141 659 1351 698 inanimali
1375 665 1426 701 ad
1451 662 1641 701 animale.

122 721 162 760 4.
195 723 262 761 Ab
283 722 451 761 animali
477 727 527 763 ad
553 724 746 772 animale,
775 732 819 762 ut
845 725 1002 775 (Varro
1025 727 1143 764 Atac.
1174 728 1224 766 fr.
1254 728 1292 777 2)
1322 728 1512 779 ‘Tiphyn
1539 729 1646 767 auri-

121 803 221 840 gam
263 790 409 829 celeris
453 791 589 829 secere
629 791 851 836 carinae';
896 806 994 830 nam
1033 800 1073 831 et
1116 793 1264 842 auriga
1305 802 1346 833 et
1388 796 1648 844 gubernator

121 857 304 896 animam
326 858 493 896 habent.
550 860 653 896 Item
678 857 747 909 (id.
765 859 798 908 Ρ)
824 863 831 876 ‘
853 858 1035 908 aligeros
1057 861 1299 899 conscendit
1323 864 1486 910 equos‘
1540 864 1647 901 Ecce

122 924 187 963 hic
215 924 381 963 miscuit
409 926 669 974 quadrupedi
697 927 786 964 alas
815 926 920 971 avis,
952 926 1047 976 quia
1076 935 1115 965 et
1143 929 1384 978 quadrupes
1410 937 1449 967 et
1479 930 1647 968 volatile

121 992 303 1030 animam
332 993 498 1031 habent.
559 994 662 1031 Item
690 1002 729 1030 et
759 993 862 1042 (Ecl.
896 996 933 1041 6,
963 996 1029 1046 80)
1061 996 1174 1042 ‘quo
1198 1007 1322 1034 cursu
1351 998 1516 1035 deserta
1543 996 1647 1046 peti-

120 1059 225 1098 verit
245 1061 282 1106 ';
325 1059 491 1099 miscuit
520 1061 677 1098 volatili
707 1074 889 1099 cursum.
951 1060 990 1099 5.
1024 1062 1130 1100 ,Item
1162 1064 1199 1100 in
1232 1064 1483 1113 Apocalypsi
1517 1064 1572 1115 (5,
1606 1065 1644 1114 5)

120 1128 188 1165 1εο
209 1127 429 1173 Christus;
469 1128 565 1165 item
594 1129 656 1166 leo
682 1127 897 1166 Diabolus.
959 1130 1011 1166 Et
1037 1130 1076 1166 in
1106 1131 1254 1167 Exodo
1279 1130 1360 1179 (19,
1394 1131 1486 1181 18?)
1515 1132 1645 1169 iratus

120 1201 185 1233 est
213 1194 420 1232 Dominus
445 1203 485 1233 et
511 1195 750 1241 descendit;
792 1203 831 1233 et
859 1195 1010 1234 similia
1033 1209 1139 1245 quae
1165 1210 1215 1234 ex
1242 1197 1435 1236 humanis
1462 1197 1645 1236 motibus

121 1262 433 1300 transferuntur
459 1265 510 1301 ad
541 1263 689 1300 Deum.
752 1263 857 1300 Item
886 1262 924 1300 in
955 1263 1188 1313 Evangelio
1216 1264 1292 1315 (Io.
1328 1266 1390 1312 15,
1424 1266 1460 1315 1)
1491 1267 1499 1280 ‘
1522 1265 1645 1303 Pater

122 1342 241 1368 meus
259 1329 445 1379 agricola
466 1331 563 1366 est.’
612 1327 650 1366 6.
683 1331 746 1368 Ab
768 1330 978 1368 inanimali
999 1333 1050 1370 ad
1074 1330 1308 1378 inanimale,
1335 1339 1379 1370 ut
1401 1332 1518 1381 (Aen.
1543 1334 1580 1381 5,
1604 1332 1642 1381 8)

124 1398 132 1412 ⁴
153 1396 329 1446 pelagus
355 1403 524 1434 tenuere
551 1404 662 1434 rates
682 1397 718 1443 ';
758 1410 855 1435 nam
881 1405 921 1434 et
948 1403 1059 1435 rates
1084 1405 1125 1436 et
1152 1398 1328 1448 pelagus
1354 1397 1535 1436 animam
1563 1413 1643 1437 non

120 1464 288 1503 habent.
353 1464 458 1501 Item
479 1470 524 1502 ut
549 1466 556 1479 ‘
578 1470 750 1513 pontum
775 1463 896 1513 pinus
919 1470 1010 1502 arat
1033 1464 1067 1511 ’3
1104 1477 1200 1503 nam
1222 1474 1261 1505 et
1283 1465 1405 1514 pinus
1428 1474 1469 1505 et
1491 1473 1645 1516 pontus

121 1530 303 1570 animam
325 1545 406 1569 non
429 1532 608 1577 habent;
645 1530 746 1570 item>
768 1533 775 1547 ‘
797 1532 961 1570 sulcum.
978 1532 1128 1581 premit
1150 1533 1233 1571 alta
1255 1532 1429 1571 carina.‘
1476 1533 1646 1572 Miscuit

121 1612 242 1638 usum
278 1605 415 1637 terrae
448 1598 584 1648 aquis,
622 1600 721 1637 dum
755 1611 874 1637 arare
908 1606 948 1638 et
984 1599 1147 1637 sulcumr
1179 1611 1366 1649 premere
1403 1602 1454 1639 ad
1491 1607 1644 1638 terram

120 1666 342 1716 pertineat,
373 1679 454 1704 non
480 1668 532 1704 ad
559 1679 686 1704 mare.
745 1665 783 1703 7.
817 1667 878 1704 Ab
905 1666 1072 1704 animali
1101 1670 1152 1706 ad
1181 1666 1417 1716 inanimale,
1449 1675 1494 1706 ut
1522 1667 1639 1718 (Aen.

121 1735 158 1783 4,
190 1734 281 1784 248)
313 1736 321 1750 ‘
343 1734 553 1772 Atlantem
581 1733 762 1773 cinctum
790 1733 966 1772 adsidue
991 1734 1056 1773 cui
1085 1734 1264 1772 nubibus
1291 1733 1394 1773 atris
1422 1734 1645 1784 piniferum

117 1802 276 1852 caput,’
324 1808 364 1839 et
406 1807 558 1840 cetera.
635 1801 745 1839 Nam
788 1808 834 1840 ut
877 1801 983 1839 haec
1024 1800 1219 1839 animalis
1261 1807 1371 1847 sunt,
1420 1803 1476 1840 ita
1522 1813 1642 1839 mons

117 1869 300 1907 animam
338 1881 420 1906 non
459 1869 583 1907 habet
619 1869 684 1907 cui
721 1869 906 1907 membra
943 1867 1122 1906 hominis
1159 1867 1465 1906 adscribuntur.
1537 1869 1641 1906 Item

119 1935 234 1987 (lsai.
263 1938 328 1985 55,
359 1934 420 1986 12)
450 1938 458 1952 ‘
479 1936 678 1986 plaudent
702 1948 827 1974 manu
854 1934 995 1973 omnia
1020 1933 1132 1985 ligna
1159 1934 1315 1973 silvae)
1378 1936 1483 1975 Item
1510 1935 1637 1985 (Psal.

119 2005 182 2051 64,
222 2003 286 2053 13)
322 2002 608 2042 ‘exultatione
640 2003 766 2041 colles
800 2001 1105 2052 accingentur.‘
1170 2003 1272 2041 Item
1307 2003 1434 2053 (Psal.
1475 2003 1563 2052 113,
1602 2003 1640 2052 4)

119 2074 128 2088 ‘
150 2077 314 2109 montes
349 2071 642 2108 exultaverunt
677 2078 723 2108 ut
758 2069 910 2108 arietes
947 2077 986 2108 et
1021 2069 1147 2108 colles
1182 2069 1295 2108 velut
1330 2071 1430 2119 agni
1464 2069 1638 2108 ovium.'

120 2140 224 2178 Item
255 2138 400 2190 (Zach.
434 2140 495 2183 11,
531 2138 569 2190 2)
604 2138 758 2185 ‘ulula,
791 2136 919 2185 abies,
952 2136 1051 2185 quia
1078 2135 1225 2174 cecidit
1255 2148 1433 2185 quercus
1468 2136 1640 2174 Basan.'

120 2207 225 2244 Item
259 2205 452 2245 S'edulius
488 2204 652 2255 (Pasch.
694 2206 728 2250 1,
768 2204 856 2253 160)
896 2203 1118 2241 ‘Christus
1152 2211 1240 2242 erat
1274 2203 1409 2252 panis,
1447 2202 1641 2240 Christus

117 2279 251 2323 petra,
290 2272 485 2312 Christus
524 2272 562 2310 in
602 2271 754 2310 undis.’
825 2273 929 2309 Item
967 2278 1011 2308 ut
1049 2270 1188 2320 (poeta
1227 2273 1335 2319 apud
1375 2270 1482 2319 Aug.
1527 2271 1637 2307 doct.

117 2341 272 2381 Christ.
299 2342 336 2387 3,
361 2339 399 2389 7,
427 2340 489 2389 11)
512 2353 520 2377 :

309 2397 312 2400 ⁴
332 2422 392 2463 tu,
420 2416 613 2464 Neptune
634 2419 767 2463 pater,
792 2414 857 2451 cui
879 2419 1068 2461 tempora
1091 2414 1200 2450 kana
1221 2412 1406 2461 crepanti

117 2531 223 2563 latino
242 2538 274 2562 et
293 2538 416 2572 graeco
439 2530 475 2561 [Α.
522 2530 760 2570 loquutionum
784 2528 820 2559 E.
877 2527 908 2560 ⁴.
935 2529 1060 2559 celeres
1083 2528 1192 2558 facere
1213 2527 1294 2566 (sec-
1316 2526 1376 2566 E2)
1398 2526 1493 2557 codd.
1538 2526 1639 2556 habet

117 2586 144 2616 E
163 2586 216 2617 Gl.
260 2586 413 2616 ascendit
435 2583 503 2615 FT..
556 2583 586 2616 5.
617 2584 657 2615 lt.
679 2583 916 2623 quadrupedes
937 2583 968 2612 in
993 2582 1018 2612 1,
1039 2584 1120 2620 (non
1143 2581 1223 2620 Gl.).
1267 2582 1319 2611 (le.
1342 2587 1391 2611 est
1412 2581 1488 2611 sim.
1513 2580 1550 2610 E.
1598 2581 1637 2610 ad

118 2641 230 2671 Deum
255 2639 336 2670 EL:
374 2640 417 2670 ad
444 2638 631 2669 Dominum
658 2638 694 2667 F.
742 2644 838 2676 puter
862 2647 928 2666 om.
958 2637 993 2665 1··.
1051 2634 1082 2667 6.
1110 2646 1153 2666 αη
1179 2642 1213 2666 ut
1240 2641 1359 2668 <ut>
1383 2635 1474 2675 p‹›l.?
1519 2639 1638 2674 potum

118 2695 162 2734 pi.
191 2701 265 2725 erat
293 2693 332 2724 E.
387 2694 467 2724 item
496 2693 705 2723 ut—-habent
733 2692 816 2730 (-bet
843 2690 885 2730 Ε)
913 2701 979 2720 om.
1012 2690 1048 2720 1..
1104 2690 1271 2729 pertineat
1300 2689 1381 2718 EL:
1423 2689 1567 2728 pertinet
1598 2688 1634 2718 F.

117 2746 148 2783 7.
169 2748 313 2780 animali
333 2754 413 2779 sunt
436 2747 473 2778 L.
516 2756 658 2777 manum
680 2745 718 2776 E.
761 2745 841 2776 item
865 2744 1120 2775 mom—ovium
1141 2754 1210 2774 om.
1233 2742 1318 2774 EGl.
1362 2743 1481 2774 kanna
1502 2742 1541 2773 E.
1583 2742 1637 2774 cui
