1882 3032
236 113 283 150 16
793 114 932 162 Julian
963 114 1008 163 of
1038 114 1192 151 Toledo

232 231 404 269 fratrem
428 232 599 270 Iunonis
620 240 659 270 et
683 234 764 270 irae
785 234 792 248 '
814 247 821 279 ;
857 241 996 271 utrum
1019 234 1188 271 fratrem
1213 234 1384 272 Iunonis
1405 246 1457 272 an
1480 234 1561 272 doli
1587 234 1757 273 Iunonis

233 298 435 337 incertum
464 307 540 338 est.
601 299 667 338 15.
703 300 767 338 Fit
795 307 835 339 et
865 314 937 351 per
967 300 1293 349 homonymiam,
1327 310 1370 340 ut
1402 299 1532 350 siquis
1565 301 1573 316 ‘
1594 300 1724 340 aciem
1745 302 1753 317 '

233 366 346 404 dicat
367 373 408 404 et
432 379 514 404 non
538 367 665 406 addat
688 369 901 406 oculorum
928 375 1000 406 aut
1023 367 1232 406 exercitus
1255 374 1328 406 aut
1354 367 1464 406 ferri.
1527 368 1755 408 Oculorum

231 433 342 471 acies
367 441 430 472 est
456 442 501 472 ut
528 433 646 483 (Aen.
677 437 714 483 6,
745 434 836 484 788)
865 437 873 452 ‘
896 436 974 474 huc
998 435 1192 486 geminas
1217 448 1325 473 nunc
1351 436 1469 473 flecte
1494 434 1620 484 acies,
1649 436 1759 474 hanc

231 501 370 550 aspice
391 502 594 550 gentem)
648 502 870 539 Exercitus
891 502 1000 540 acies
1022 510 1085 540 est
1108 509 1152 540 ut
1176 503 1295 552 (Aen.
1321 505 1358 550 9,
1383 503 1475 553 550)
1503 505 1509 518 ‘
1530 502 1625 542 hinc
1646 503 1756 542 acies

231 575 356 617 atque
387 568 480 606 hinc
509 569 619 607 acies
650 569 807 607 instare
838 569 1042 607 Latinas.'
1106 571 1219 608 Ferri
1250 569 1360 608 acies
1392 579 1455 609 est
1485 577 1529 608 ut
1562 570 1678 620 (Aen.
1715 570 1753 617 2,

230 635 322 685 333)
349 639 356 654 ‘
379 643 463 674 stat
486 637 584 674 ferri
609 637 720 675 acies
745 650 942 675 mucrone
965 638 1172 675 corusco*
1234 638 1299 675 Fit
1325 644 1540 686 praeterea
1567 636 1755 687 plurimis

229 703 364 742 modis
388 717 495 753 quos
521 717 737 742 recensere
759 717 919 753 omneS,
947 718 998 742 ne
1021 705 1145 743 nimis
1168 705 1340 754 longum
1367 706 1434 754 sit,
1463 718 1544 743 non
1571 711 1749 754 oportet.

314 771 385 808 IV.
450 772 527 808 DE
563 770 973 809 METAPLASMO.
1036 769 1075 808 1.
1109 772 1417 821 Metaplasmus
1452 779 1516 811 est
1551 772 1758 811 transfor-

228 838 361 876 matio
398 839 604 887 quaedam
645 839 744 876 recti
787 836 996 887 solutique
1036 838 1240 876 sermonis
1280 839 1320 877 in
1357 838 1532 876 alteram
1575 838 1758 889 speciem·

230 906 349 943 metri
390 912 617 943 ornatusve
655 918 796 943 causa.
871 904 1008 944 Huius
1049 905 1208 954 species
1251 913 1347 943 sunt
1386 905 1751 955 quattuordecim:

227 972 450 1022 prothesiS,
483 971 736 1022 epenthesis,
768 985 1000 1022 paragoge,
1032 972 1288 1022 aphaeresis,
1322 986 1518 1023 syncope,
1550 985 1752 1023 apocope,

230 1039 397 1085 ectasis,
431 1041 600 1089 systole,
633 1040 847 1086 diaeresis,
882 1039 1181 1090 episynaliphe,
1215 1040 1443 1090 synaliphe,
1477 1041 1755 1090 e<cth>lip-

227 1106 297 1152 sis,
349 1106 585 1154 antithesis,
637 1107 895 1145 metathesis.
972 1105 1011 1143 2.
1046 1107 1352 1156 Metaplasmus
1402 1107 1561 1146 Graeca
1611 1106 1754 1157 lingua

229 1174 376 1212 Latina
417 1173 738 1212 transformatio
775 1173 936 1212 dicitur.
1010 1175 1091 1225 Qui
1133 1175 1176 1211 fit
1217 1174 1255 1211 in
1296 1188 1381 1212 uno
1417 1175 1548 1213 verbo
1585 1180 1756 1224 propter

229 1241 348 1279 metri
373 1241 666 1279 necessitatem
692 1248 732 1279 et
756 1241 963 1280 licentiam
990 1248 1221 1291 poetarum.
1284 1240 1322 1278 3.
1358 1242 1425 1279 Fit
1451 1243 1753 1291 metaplasmus

226 1321 298 1357 per
323 1306 655 1357 conpositionem
681 1308 862 1357 partium
888 1309 1163 1346 diversarum.
1221 1311 1336 1347 M'eta
1363 1307 1472 1346 enim
1498 1309 1656 1348 Graece
1680 1321 1755 1359 per

225 1375 400 1422 dicitur;
457 1377 680 1425 plasmare,
728 1376 910 1425 fingere;
969 1377 1078 1425 quo-d
1124 1383 1186 1413 est
1232 1388 1469 1425 conponere
1511 1377 1575 1414 vel
1618 1383 1754 1413 trans—

227 1444 422 1482 formare.
507 1445 561 1481 Et
590 1445 633 1481 fit
660 1445 739 1482 hoc
764 1444 987 1482 decorandi
1016 1445 1135 1482 metri
1164 1444 1285 1482 ratio.
1373 1443 1680 1490 Barbarismus,
1713 1444 1753 1481 in

225 1524 353 1561 prosa.
386 1510 548 1560 vitium,
589 1510 627 1549 in
664 1511 848 1550 carmine
885 1513 1187 1560 metaplasmus
1223 1517 1311 1557 est;
1362 1510 1460 1561 quia
1497 1510 1556 1549 sic
1593 1511 1632 1548 in
1668 1523 1752 1548 una

225 1585 345 1629 parte·
380 1577 583 1617 orationis
620 1579 663 1617 fit
703 1579 1005 1628 metaplasmus
1044 1578 1151 1616 sicut
1187 1578 1487 1616 barbarismus.
1559 1578 1674 1616 Sicut
1712 1584 1754 1616 et

226 1647 469 1685 solecismus
503 1647 541 1684 in
574 1653 766 1697 poemate
802 1646 969 1685 schema
1005 1646 1256 1684 nominatur.
1323 1644 1361 1683 ²1.
1397 1647 1517 1684 Unde
1551 1653 1592 1683 et
1626 1645 1755 1684 dictio

222 1727 330 1764 quae
359 1713 731 1752 transformatione
763 1713 1012 1763 conponitur
1043 1715 1201 1751 Graece
1233 1713 1623 1762 metamorphoseos
1654 1712 1753 1751 dici—

223 1789 304 1830 tur,
338 1783 444 1821 sicut
474 1780 651 1820 Ovidius
682 1781 848 1830 scripsit
878 1781 1004 1819 libros
1033 1781 1269 1830 quindecim
1298 1782 1361 1819 vel
1393 1779 1606 1830 Apuleius.
1669 1780 1750 1818 Sed

225 1851 526 1898 metaplasmus
561 1850 599 1887 in
633 1862 715 1887 una
747 1855 865 1898 parte
897 1847 1103 1886 orationis
1133 1849 1192 1893 fit,
1229 1848 1621 1897 metamorphoseos
1650 1860 1752 1885 vero

224 1916 263 1953 in
289 1915 401 1954 omni
427 1915 531 1953 serie
557 1915 767 1954 librorum.
831 1914 869 1952 5.
903 1914 1063 1952 Omnes
1090 1914 1367 1964 metaplasmi,
1396 1912 1749 1963 quemadmodum

222 1984 350 2033 pedes
379 1996 502 2033 saepe
532 1985 581 2021 de
608 1983 759 2032 capite,
792 1995 916 2030 saepe
945 1983 995 2019 de
1024 1981 1175 2029 medio,
1208 1995 1335 2031 saepe
1360 1983 1411 2019 de
1439 1982 1518 2018 fine
1548 1981 1624 2019 sibi
1654 1993 1751 2018 con-

222 2051 337 2089 trarii
367 2057 480 2098 sunt,
513 2049 571 2087 sic
600 2057 640 2087 et
670 2050 1041 2098 metaplasmorum
1072 2049 1232 2098 species
1264 2049 1339 2087 sibi
1370 2046 1605 2086 contrariae
1635 2053 1745 2085 sunt.

221 2116 260 2156 6.
294 2117 509 2155 Ρτοῒὴθείε
554 2124 618 2154 est
662 2115 874 2166 adpo-sitio
913 2117 1120 2165 quaedam
1165 2118 1219 2155 ad!
1261 2114 1509 2164 principium
1555 2114 1750 2154 dictionis

222 2186 386 2224 litterae
417 2191 491 2224 aut
526 2184 722 2234 syllabae,
761 2191 806 2223 ut
844 2185 1038 2234 ‘gnato,‘
1076 2197 1154 2233 pro
1186 2190 1310 2228 nato;
1360 2191 1401 2222 et
1439 2185 1447 2198 ‘
1468 2181 1639 2228 tetulit,'
1674 2195 1752 2233 pro

221 2254 328 2292 tulit.
391 2253 581 2291 Adicitur
612 2253 647 2290 G
677 2259 721 2291 ut
752 2253 948 2290 ostend‘at
979 2250 1365 2303 generate‚——-idem
1397 2250 1515 2301 (Aen.
1554 2251 1617 2299 11,
1655 2250 1746 2297 181,

223 2354 321 2384 cuius
346 2363 469 2384 manus
495 2353 550 2384 ha.
577 2363 625 2383 so,
652 2363 706 2384 au.
735 2357 908 2382 tenentem
935 2352 1010 2390 (sic)
1037 2351 1074 2381 Ι..
1125 2352 1195 2383 her.
1223 2362 1302 2391 pon.
1332 2351 1368 2381 F.
1420 2349 1473 2382 15.
1501 2350 1574 2391 per]
1598 2361 1660 2391 pro
1686 2350 1746 2381 El.

220 2408 281 2438 fer.
307 2418 356 2439 ac.
381 2414 431 2438 est
452 2412 521 2438 stat
542 2408 623 2445 (om.
646 2407 697 2445 ut)
720 2406 758 2436 E.

285 2467 344 2498 IV.
396 2465 425 2498 1.
454 2466 556 2497 soluti
576 2476 642 2496 om.
667 2465 703 2495 L.
749 2475 814 2495 me.
836 2471 979 2495 ornatus
999 2464 1254 2495 necessitatisve
1275 2463 1312 2493 F.
1362 2461 1392 2495 3.
1420 2462 1480 2493 Gr.
1501 2472 1563 2502 pro
1581 2462 1626 2493 di.
1649 2460 1746 2501 (with

219 2522 275 2553 the
296 2521 444 2561 Spanish
464 2521 687 2561 per-symbol)
710 2520 735 2549 L
757 2519 809 2550 Gl.
853 2520 899 2549 sic
920 2520 1014 2550 barb.
1040 2519 1093 2549 Gl.
1139 2518 1226 2549 sicut
1248 2518 1307 2548 sol.
1332 2518 1414 2555 (om.
1436 2517 1484 2556 et)
1504 2516 1542 2547 L.
1586 2514 1618 2548 4.
1647 2515 1747 2546 Unde

219 2577 283 2607 dic.
310 2577 391 2615 (om.
418 2576 464 2615 et)
489 2575 524 2604 F.
573 2585 661 2614 quae
685 2585 742 2614 per
768 2574 1111 2604 transformationem
1139 2572 1167 2602 L
1190 2574 1269 2609 (non
1296 2571 1376 2610 GL).
1426 2581 1488 2601 scr.
1517 2570 1550 2600 in
1577 2570 1680 2600 libros
1706 2569 1743 2599 F.

219 2631 344 2670 quinde
367 2629 404 2659 E.
454 2628 484 2660 6.
514 2630 649 2660 additur
672 2627 710 2658 E.
757 2634 792 2658 ut
815 2628 1008 2657 ostenderet
1030 2631 1193 2666 generato
1216 2625 1252 2655 F.
1300 2625 1402 2655 Clear
1426 2624 1610 2663 testimony
1633 2629 1668 2654 to
1691 2623 1747 2654 the

220 2685 308 2714 form
331 2688 435 2724 gnate
459 2684 491 2714 in
515 2684 582 2714 this
605 2683 672 2713 line
695 2682 731 2713 of
752 2681 880 2721 Vergil.
928 2681 1002 2711 And
1025 2681 1080 2711 the
1104 2680 1276 2710 archaism
1301 2679 1413 2709 would
1437 2689 1533 2709 come
1557 2678 1633 2708 well
1657 2678 1746 2708 from

221 2739 275 2769 the
297 2739 358 2778 lips
378 2738 414 2768 of
433 2748 454 2768 a
470 2737 627 2778 goddess.
679 2735 862 2767 Idem-filio
880 2735 978 2766 looks
1000 2734 1067 2764 like
1088 2745 1107 2765 a
1127 2734 1299 2774 marginal
1319 2733 1469 2772 adscript
1489 2732 1540 2771 (of
1557 2731 1706 2770 Julian's
1716 2731 1746 2771 ?)
