1846 3017
647 151 788 201 Julian
817 152 862 201 os
892 152 1046 190 Toledo
1585 155 1606 192 7

87 269 289 308 efficitur:
335 270 373 309 id
413 280 476 309 est
516 271 806 315 adiectionem,
849 272 1164 317 detractionem,
1209 273 1525 312 inmutationem
1568 282 1607 312 et

86 337 494 375 transmutationem.
587 338 777 376 Adiectio
808 337 984 384 litterae,
1022 340 1218 388 syllabae,
1255 339 1467 389 temporis,
1504 340 1606 386 toni,

87 404 380 454 aspirationis:
424 406 629 443 detractio
659 404 833 449 litterae.
866 406 1064 455 syllabae,
1098 406 1311 456 temporis,
1346 408 1447 456 toni,
1480 407 1609 459 aspir-

86 472 254 520 ationis,
282 477 373 515 <et
395 477 599 514 cetera>.
649 471 687 509 6.
724 472 1015 512 Barbarismus
1037 486 1109 523 per
1132 473 1406 513 adiectionem
1430 476 1606 523 litterae,

88 539 195 578 sicut
219 539 337 590 (Aen.
368 542 403 588 l,
431 542 494 585 30,
522 540 618 588 etc.)
648 544 654 555 ¹
678 540 888 588 relliquias
913 542 1138 587 Danaum,’
1167 556 1294 590 quum
1320 542 1514 592 reliquias
1538 556 1610 592 per

90 619 216 645 unum
254 607 286 643 L
317 606 454 645 dicere
485 609 738 651 debeamus;
773 616 812 645 et
849 608 1150 651 ‘audiveran1,'
1190 623 1266 658 pro
1297 609 1535 654 audieram:
1570 618 1607 647 et

90 674 98 688 ⁸
119 673 300 723 legites,'
327 686 403 722 pro
426 673 575 724 legite;
613 676 676 712 vel
702 680 709 691 ‘
732 673 977 723 permicies'
1007 684 1077 714 aut
1105 678 1111 690 ¹
1134 682 1266 725 pater,
1296 677 1456 723 frater,'
1484 690 1609 726 quum

86 739 304 790 pernicies,
334 748 454 790 pater
477 749 517 779 et
545 743 672 779 frater
696 742 831 781 dicere
857 743 1097 781 debeamus.
1162 741 1198 781 7.
1234 744 1312 780 Per
1336 743 1608 782 adiectionem

88 808 288 858 syllabae,
315 818 359 847 ut
386 808 506 858 (Aen.
535 809 571 855 2,
602 809 666 858 2¹5)
695 812 702 824 ‘
725 823 801 847 nos
826 809 982 848 abiisse
1007 810 1116 854 rati,'
1147 824 1223 861 pro
1247 811 1397 849 abisse.
1460 809 1499 849 8.
1534 811 1612 848 Per

87 875 363 915 adiectionem
400 875 615 926 temporiS,
654 884 698 914 ut
735 877 854 927 (Aen.
899 880 934 925 l,
974 877 1011 927 2)
1050 878 1243 916 ‘Italiam
1281 879 1371 916 fato
1404 878 1611 928 profugus

88 944 262 984 Lavinia
299 943 551 989 <venit>‚'
589 957 716 994 quum
755 944 874 983 Italia
910 951 1101 993 correpta
1137 944 1270 996 prima
1304 947 1441 984 littera
1477 946 1610 984 dicere

86 1012 325 1050 debeamus.
388 1009 427 1048 9.
462 1011 539 1049 Per
571 1010 870 1050 detractionem
904 1011 1080 1059 litterae,
1117 1013 1223 1051 sicut
1260 1012 1608 1051 ‘infa<n>ti1>u’

91 1077 229 1129 (Lucr.
270 1079 303 1122 l,
343 1079 431 1126 186)
467 1091 543 1128 pro
575 1079 831 1124 infantibus;
877 1085 918 1116 et
950 1079 1186 1117 ‘nutribam
1208 1080 1216 1094 ⁹
1252 1093 1327 1129 pro
1360 1079 1606 1119 nutriebam.

83 1143 149 1182 10.
184 1145 262 1183 Per
290 1144 591 1184 detractionem
625 1145 821 1195 syllabae,
856 1153 901 1184 ut
935 1147 1242 1183 ‘salmentum‘
1277 1160 1353 1196 pro
1385 1148 1612 1185 salsamen-

87 1218 202 1258 tum;
239 1213 303 1250 vel
331 1214 340 1229 ⁴
361 1219 630 1261 paumentum
652 1213 660 1227 ’
690 1225 767 1262 pro
792 1212 1044 1264 pavimento.
1108 1211 1173 1250 11.
1208 1214 1287 1252 Per
1311 1212 1612 1252 detractionem

88 1279 304 1330 temporis,
340 1286 386 1318 ut
419 1279 538 1330 (Aen.
579 1282 613 1327 1,
651 1280 716 1331 41)
749 1283 758 1298 ⁴
780 1286 904 1319 unlus
935 1282 991 1319 ob
1022 1281 1208 1327 noxam,’
1244 1294 1322 1330 pro
1352 1286 1487 1320 unius.
1551 1281 1609 1318 NI

87 1346 197 1386 enim
231 1347 390 1397 syllaba
426 1347 672 1386 naturaliter
705 1349 832 1397 longa
866 1354 946 1397 est,
983 1354 1023 1386 et
1058 1348 1151 1386 loco
1185 1347 1322 1387 brevis
1358 1356 1422 1387 est
1457 1347 1607 1398 posita.

88 1412 154 1452 12.
187 1415 269 1454 Per
295 1414 612 1454 inmutationem
642 1414 820 1463 litterae,
853 1414 959 1453 sicut
990 1418 998 1432 ‘
1019 1415 1119 1461 olli,'
1152 1428 1229 1464 pro
1256 1415 1324 1462 illi,
1358 1417 1374 1454 1
1406 1415 1542 1454 littera
1572 1416 1610 1454 in

88 1482 130 1520 O
151 1488 326 1522 mutata.
389 1480 454 1520 13.
489 1483 568 1521 Per
592 1481 910 1521 inmutationem
937 1482 1134 1532 syllabae,
1164 1489 1209 1521 ut
1237 1484 1243 1498 ‘
1266 1481 1510 1532 permitiffi,’
1537 1495 1615 1532 pro

88 1549 306 1600 pernicies.
395 1548 461 1587 14.
495 1550 575 1588 Per
607 1549 925 1588 inmutationem
958 1549 1172 1599 temporis,
1209 1557 1256 1588 ut
1289 1550 1406 1600 (Aen.
1444 1552 1483 1599 8,
1520 1549 1612 1599 677)

92 1618 282 1656 ‘fervere
314 1619 524 1656 Leucaten
544 1618 582 1664 ’;
627 1630 755 1665 quum
787 1617 963 1666 fervere,
1000 1617 1032 1655 si
1066 1617 1274 1656 secundae
1303 1616 1614 1668 coniugationis

87 1692 168 1733 est,
197 1685 398 1736 producte
424 1684 502 1725 dici
532 1685 695 1723 debeat.
755 1685 831 1722 VE
861 1684 1019 1734 syllaba
1047 1686 1174 1735 longa
1201 1691 1264 1722 est
1290 1691 1332 1724 et
1360 1686 1452 1723 loco
1475 1685 1613 1724 brevis

89 1760 152 1791 est
188 1751 337 1802 posita.
401 1753 628 1803 (Leucaten
664 1765 765 1790 vcro
798 1758 982 1790 montem
1017 1751 1116 1790 dicit
1149 1751 1326 1802 Apuliae
1358 1753 1426 1791 ubi
1462 1752 1612 1791 bellum

88 1819 224 1870 gessit
261 1821 482 1870 Augustus
519 1832 615 1858 cum
650 1819 835 1857 Antonio
868 1826 908 1857 et
946 1818 1200 1869 Cleopatra).
1263 1817 1328 1857 15.
1362 1819 1442 1857 Per
1479 1826 1615 1857 trans-

88 1887 365 1927 mutationem
390 1887 565 1936 litterae,
593 1887 700 1926 sicut
728 1888 735 1902 ‘
759 1887 985 1934 Euandre‚'
1012 1899 1090 1936 pro
1113 1887 1333 1933 Euander;
1371 1887 1435 1926 vel
1461 1888 1468 1902 ‘
1491 1886 1614 1924 intre-

88 1955 230 2005 pella,'
268 1968 346 2005 pro
380 1955 608 2004 interpella.
666 1951 980 1992 Transmutatis
1016 1953 1126 1993 enim
1163 1951 1312 1992 litteris
1349 1954 1461 1993 dicta
1499 1959 1609 1992 sunt.

90 2060 222 2091 litterae
245 2059 282 2090 fit
306 2065 422 2090 autem
448 2060 574 2090 scribto
598 2060 648 2089 vel
673 2059 953 2099 pronuntiatione
980 2059 1017 2090 F.
1066 2057 1096 2091 6.
1125 2060 1279 2090 Adiectio
1304 2060 1436 2090 litterae
1459 2060 1547 2091 sicut
1573 2060 1611 2090 L.

88 2115 230 2156 legites!
257 2115 314 2152 (cf.
340 2115 461 2145 Audax
485 2113 565 2151 361,
591 2113 635 2146 25
661 2114 790 2154 logitcs,
817 2124 894 2144 cum
919 2114 1004 2144 satis
1027 2114 1069 2144 sit
1095 2114 1204 2144 dicere
1231 2113 1355 2154 legite).
1405 2114 1612 2154 Apparently

88 2179 130 2199 an
157 2169 333 2209 impudent
355 2168 469 2199 Greek
492 2174 645 2199 contrast
667 2168 703 2199 of
732 2166 851 2207 λέγετε
875 2168 956 2198 with
981 2168 1093 2207 legitis
1116 2168 1168 2206 (as
1193 2169 1218 2200 if
1245 2167 1363 2207 λέγετε
1384 2172 1417 2204 4-
1435 2168 1497 2207 S.).
1546 2167 1614 2198 Not

92 2233 130 2253 as
149 2223 269 2259 below,
290 2221 322 2258 2.
345 2222 388 2254 15
408 2223 533 2260 (which
557 2222 655 2252 looks
677 2222 744 2252 like
764 2232 783 2252 a
805 2222 961 2262 question
985 2222 1026 2261 by
1049 2232 1123 2261 way
1144 2221 1181 2252 os
1202 2232 1243 2252 an
1266 2222 1389 2259 order).
1431 2222 1482 2251 vel
1504 2232 1609 2261 perm.

87 2277 206 2308 —deb.
228 2287 296 2307 om.
323 2276 347 2306 L
368 2277 448 2314 (and
471 2277 589 2307 indeed
610 2276 703 2306 these
725 2277 837 2307 words
856 2286 946 2306 seem
970 2275 1071 2307 alien.
1119 2276 1184 2306 But
1207 2286 1277 2305 was
1298 2275 1413 2313 Julian
1438 2276 1614 2316 incapable

88 2331 124 2361 of
148 2330 276 2371 adding
301 2331 393 2361 them
405 2332 447 2370 Ρ).
499 2328 530 2362 8.
560 2330 642 2361 Lav.
668 2341 734 2360 om.
763 2330 799 2360 L.
847 2330 978 2361 italiam
1000 2340 1050 2363 co.
1078 2330 1114 2361 F.
1168 2328 1198 2361 9.
1226 2340 1252 2360 s.
1281 2329 1446 2360 infatibus
1472 2330 1498 2359 F
1522 2331 1615 2368 (ante
1663 2321 1666 2323 Δ

88 2382 193 2422 corr.)
211 2381 249 2412 L.
291 2387 323 2412 et
344 2382 513 2412 nutriram
536 2381 573 2411 I..
615 2392 676 2421 pro
694 2381 883 2412 nutrieram
906 2381 942 2412 L.
963 2392 969 2411 z
1003 2391 1063 2421 pro
1083 2381 1293 2412 nutriveram
1315 2380 1352 2410 F.
1396 2377 1449 2411 w.
1478 2380 1541 2410 Per
1560 2379 1610 2409 de.

89 2446 157 2466 om.
184 2435 220 2466 L.
265 2436 435 2467 salmento
457 2446 518 2476 pro
537 2436 750 2467 salsamento
772 2435 808 2465 L.
855 2435 1071 2466 Salinentum
1097 2445 1166 2465 was
1188 2446 1207 2465 a
1227 2434 1386 2464 different
1409 2434 1501 2464 word
1526 2433 1612 2463 from

92 2490 342 2520 salsamentum
380 2490 515 2528 (Uram.
556 2490 631 2520 Lat.
670 2500 699 2521 v.
738 2488 817 2525 324,
859 2489 925 2528 14).
1000 2489 1065 2519 But
1101 2491 1336 2529 pavimentum
1374 2488 1438 2518 had
1477 2489 1613 2518 become

90 2548 338 2584 pavimentum,
369 2545 447 2575 then
473 2549 710 2584 paumentum.
762 2543 816 2574 Cf.
850 2544 926 2573 Ital.
956 2543 1132 2583 palmento
1157 2543 1237 2580 (and
1266 2542 1488 2582 pavimento).
1541 2542 1613 2572 And

89 2603 146 2638 yet
168 2598 263 2630 there
284 2609 341 2630 are
365 2609 505 2639 persons
528 2599 606 2630 who
628 2599 708 2628 dare
733 2604 769 2628 to
791 2608 851 2637 say
873 2598 946 2628 that
971 2597 1026 2628 the
1053 2597 1169 2627 Brevis
1195 2597 1359 2627 Brevians
1383 2596 1511 2626 existed
1535 2595 1614 2634 only

92 2652 123 2683 in
150 2653 268 2684 verse!
316 2653 371 2684 Cf.
403 2654 599 2684 merebatur
628 2652 807 2690 (Consent.
836 2650 915 2688 393,
945 2650 1014 2689 22).
1069 2649 1121 2682 12.
1152 2650 1385 2681 lnmutatione
1415 2650 1433 2679 l.
1466 2649 1502 2679 L.
1558 2649 1615 2679 1—

92 2713 177 2739 mut.
204 2693 272 2738 orit.
300 2707 337 2737 L.
397 2706 450 2739 13.
480 2707 541 2738 Per
566 2708 648 2738 inm.
675 2717 741 2736 om.
769 2705 806 2736 L.
855 2712 891 2736 ut
916 2705 1093 2745 permicies
1120 2705 1186 2734 FI..
1238 2704 1303 2734 But
1330 2704 1403 2734 that
1428 2703 1454 2734 is
1479 2714 1498 2734 a
1524 2713 1613 2733 mere

91 2761 224 2802 change
244 2761 280 2792 ol
304 2772 323 2792 a
349 2761 457 2792 letter.
507 2759 561 2793 15.
589 2759 812 2791 Consentius'
836 2760 993 2799 example
1019 2759 1046 2789 is
1073 2757 1165 2795 (392,
1193 2757 1250 2797 22)
1275 2758 1282 2770 ⁸
1301 2758 1503 2797 interpertor
1520 2759 1529 2771 '
1554 2767 1616 2797 pro
