1882 3032
174 98 221 133 14
731 98 868 147 Julian
901 99 946 147 of
976 98 1130 136 Toledo

170 215 415 264 (Deuteron.
452 218 514 262 33,
550 216 588 266 6)
624 217 766 254 ‘vivat
799 218 945 254 Ruben
977 224 1017 254 et
1050 229 1130 255 non
1165 217 1397 254 moriatur.'
1459 217 1498 256 5.
1532 218 1696 256 Macro-

169 282 282 333 logia
305 289 368 320 est
391 284 517 333 longa
542 283 748 321 sententia
774 297 839 322 res
862 297 943 321 non
968 284 1228 322 necessarias
1252 286 1623 333 comprehendens,
1651 292 1696 324 ut

169 350 276 399 (Liv.
312 351 418 400 frag.
457 350 574 400 64M.)
611 351 768 401 ‘legati
801 364 882 389 non
917 352 1123 400 inpetrata
1157 365 1257 401 pace
1292 358 1403 390 retro
1432 354 1541 392 unde
1573 365 1696 390 vene-

168 424 261 455 rant
299 418 468 456 domum
510 419 662 456 reversi
703 419 831 456 sunt.’
903 417 941 456 6.
974 419 1228 468 Tautologia
1269 427 1331 457 est
1371 419 1556 458 eiusdem
1597 418 1695 458 dicti

169 485 361 535 repetitio
391 486 557 534 vitiosa,
593 493 638 524 ut
674 488 871 535 ‘egomet
907 486 1028 535 ipse.'
1090 489 1193 524 Item
1229 486 1454 535 Vergilius,
1493 495 1537 526 ut
1572 487 1690 538 (Aen.

169 555 205 601 1,
237 553 328 603 546)
359 556 367 572 ‘
389 553 422 592 si
453 555 541 592 fata
565 553 701 592 virum
731 561 914 602 servant,
947 555 979 592 si
1007 553 1190 592 vescitur
1219 568 1320 593 aura
1349 555 1533 594 aetheria
1562 568 1695 604 neque

166 622 302 659 adhuc
325 621 562 659 crudelibus
587 622 765 659 occubat
791 620 982 668 umbris,'
1009 623 1157 660 erebro
1179 623 1356 672 repetita
1383 622 1582 671 loquutio.
1642 623 1696 660 Et

167 689 205 726 in
233 687 539 739 Georgicorum
565 688 620 738 (2,
651 688 745 739 2¹3):

325 771 391 810 hic
424 773 590 821 plantas
623 778 769 810 tenero
801 771 1022 810 abscidens
1058 772 1108 809 de
1143 785 1316 822 corpore
1351 778 1530 811 matrum

325 840 519 890 deposuit
544 838 693 886 sulcis;
732 839 797 877 hic
821 839 973 889 stirpes
997 838 1134 878 obruit
1156 853 1259 878 arvo

326 907 665 957 quadrifidasque
689 908 816 945 sudes
835 915 875 945 et
896 913 1022 945 acuto
1043 908 1192 946 robore
1211 907 1358 955 vallos,

160 1005 244 1029 una
271 1004 336 1029 res
363 992 509 1030 crebro
537 991 798 1029 adnuntiata.
864 992 958 1029 Hoc
985 992 1133 1030 vitium
1163 991 1341 1031 diversis
1369 992 1503 1030 modis
1532 993 1588 1030 fit.
1653 990 1691 1030 7.

166 1059 344 1109 Eclipsis
378 1065 440 1096 est
475 1059 665 1097 defectus
699 1058 868 1108 quidam
903 1058 1165 1098 necessariae
1200 1059 1394 1099 dictionis
1427 1072 1553 1108 quam
1589 1058 1696 1099 desi-

165 1128 282 1166 derat
311 1126 499 1176 praecisa
531 1126 753 1172 sententia,
787 1133 832 1164 ut
863 1126 981 1176 (Aen.
1018 1129 1053 1174 1,
1088 1126 1153 1177 37)
1188 1128 1318 1165 ‘haec
1348 1140 1488 1165 secum
1508 1128 1545 1174 ’ς
1577 1128 1695 1165 deest

164 1193 275 1232 enim
296 1195 556 1243 loquebatur.
612 1196 717 1232 Item
742 1196 936 1232 Lucanus
960 1194 1015 1245 (1,
1044 1194 1079 1244 1)
1106 1196 1113 1210 ‘
1135 1193 1240 1232 bella
1262 1207 1335 1245 per
1360 1193 1580 1234 Emathios
1601 1195 1696 1244 plus

164 1275 289 1312 quam
319 1261 456 1301 civilia
485 1275 659 1310 campos
679 1262 716 1308 '3
759 1264 877 1301 deest
907 1269 1042 1312 gesta.
1108 1263 1213 1300 Item
1244 1262 1362 1312 (Aen.
1400 1264 1437 1310 4,
1475 1262 1565 1313 138)
1600 1262 1693 1301 ‘cui

164 1330 360 1379 pharetra
383 1343 433 1367 ex
458 1342 560 1367 auro
581 1330 588 1344 ’
609 1343 617 1375 ;
655 1330 773 1367 deest
795 1336 897 1368 erat.
956 1331 1060 1367 Item
1087 1329 1206 1380 (Aen.
1238 1333 1272 1379 l,
1303 1330 1394 1381 580)
1423 1333 1430 1348 ‘
1452 1336 1551 1370 tunc
1573 1336 1694 1380 pater

164 1397 328 1436 Aeneas
363 1397 606 1435 iamdudum
627 1398 663 1443 ';
713 1398 831 1434 deest
867 1410 1082 1446 erumpere
1116 1399 1281 1436 nubem.
1350 1398 1456 1436 Item
1492 1396 1614 1448 (Aen.
1654 1399 1690 1445 1,

165 1465 257 1515 530)
283 1466 290 1481 ‘
312 1471 375 1503 est
397 1467 512 1503 locus
537 1464 788 1514 Hesperiam
811 1465 910 1503 Grai
933 1463 1184 1513 cognomine
1207 1464 1349 1504 dicunt
1370 1465 1377 1480 ’
1398 1479 1406 1511 ;
1443 1467 1561 1503 deest
1583 1465 1693 1502 enim

163 1545 302 1582 quam.
373 1534 477 1570 Item
517 1531 635 1582 (Aen.
680 1535 716 1579 1,
758 1532 822 1582 12)
862 1533 990 1571 ‘urbs
1027 1531 1201 1581 antiqua
1238 1531 1332 1581 fuit,
1371 1533 1485 1581 Tyrii
1523 1539 1696 1570 tenuere

163 1599 298 1639 coloni
319 1601 355 1646 ’;
396 1602 512 1638 deest
537 1599 645 1638 enim
671 1613 810 1650 quam.
870 1600 974 1637 Item
1001 1600 1040 1638 in
1068 1600 1237 1638 Psalmo
1263 1600 1371 1650 (138,
1403 1600 1466 1650 16)
1495 1601 1502 1616 ‘
1524 1600 1564 1638 in
1588 1599 1695 1638 libro

163 1674 239 1706 tuo
275 1680 421 1706 omnes
460 1667 718 1714 scrib-entur;
773 1666 860 1705 dies
901 1668 1210 1717 formabuntur,
1253 1675 1293 1706 et
1333 1680 1456 1706 nemo
1495 1667 1534 1705 in
1575 1666 1692 1714 eis’3

163 1737 280 1775 deest
316 1734 451 1781 enim;
503 1748 626 1774 nemo
663 1736 701 1773 in
739 1735 799 1772 eis
835 1735 913 1773 erit
951 1740 1118 1784 praeter
1154 1735 1256 1782 dies,
1298 1742 1338 1773 et
1375 1734 1565 1773 veritatis
1602 1736 1694 1773 luce

164 1803 533 1842 inluminabuntur.
599 1803 703 1840 Item
737 1802 908 1853 (Psalm.
945 1803 1009 1848 74,
1044 1802 1081 1853 7)
1115 1802 1240 1851 ‘quia
1271 1816 1407 1852 neque
1437 1805 1491 1841 ab
1519 1802 1695 1841 Oriente

164 1883 297 1920 neque
329 1871 382 1908 ab
414 1869 642 1908 Occidente
675 1883 808 1919 neque
839 1884 863 1908 a
895 1868 1072 1909 desertis
1105 1869 1346 1908 montibus'
1383 1869 1519 1921 (deest
1549 1869 1686 1908 enirn:

157 1945 273 1987 patet
308 1937 374 1976 via
409 1936 619 1987 fugienti),
661 1937 888 1986 ‘quoniam
927 1937 1044 1976 Deus
1078 1937 1201 1975 iudex
1238 1937 1333 1975 est.’
1395 1935 1434 1974 8.
1467 1935 1691 1986 Tapinosis

162 2012 226 2043 est
254 2003 467 2043 humilitas
498 2005 553 2043 rei
586 2017 766 2054 magnae
795 2017 878 2042 non
909 2004 948 2043 id
978 2010 1132 2053 agente
1164 2003 1386 2053 sententia,
1419 2011 1464 2043 ut
1496 2003 1614 2054 (Aen.
1649 2017 1688 2051 2,

164 2073 228 2123 19)
255 2075 264 2091 ‘
285 2071 535 2122 penitusque
560 2084 764 2111 cavernas
790 2073 983 2122 ingentes
1003 2073 1040 2119 ’;
1081 2079 1120 2109 et
1148 2071 1252 2119 (Ecl.
1281 2074 1319 2119 6,
1350 2071 1414 2122 76)
1444 2072 1452 2087 ‘
1474 2069 1694 2109 Dulichias

161 2153 342 2179 vexasse
380 2140 548 2186 rates’;
602 2146 642 2177 et
682 2139 804 2190 (Hor.
849 2140 895 2178 C.
944 2142 980 2188 1,
1024 2143 1061 2187 6,
1106 2139 1144 2189 6)
1190 2138 1386 2178 ‘Pelidae
1427 2139 1691 2176 stomachum

160 2210 309 2247 cedere
334 2207 494 2246 nescii.’
558 2208 600 2245 Si
629 2220 847 2255 cavernaS‚
879 2208 1092 2257 quomodo
1123 2207 1346 2256 ingentes?
1407 2207 1512 2244 Item
1541 2205 1691 2256 Vergi-

160 2277 240 2315 lius
277 2276 395 2326 (Aen.
439 2278 475 2323 1,
518 2275 607 2325 118)
648 2277 881 2324 ‘apparent
919 2275 999 2312 rari
1037 2281 1186 2313 nantes
1225 2275 1263 2312 in
1302 2273 1473 2324 gurgite
1510 2274 1690 2320 vasto';

162 2342 335 2392 gurgite
358 2341 499 2391 posuit
522 2355 598 2391 pro
621 2342 737 2379 mari.
804 2342 907 2379 Item
935 2343 1129 2380 Lucanus
1154 2341 1208 2392 (2,
1238 2341 1329 2391 571)
1357 2343 1365 2357 ‘
1387 2341 1689 2390 Oceanumque

162 2422 321 2447 vocans
370 2408 515 2446 incerti
565 2415 718 2458 stagna
768 2408 997 2457 profundi.'
1072 2406 1111 2445 9.
1165 2409 1242 2445 Est
1291 2414 1430 2446 autem
1479 2407 1689 2457 tapinosis
1724 2443 1736 2458 ‚

160 2510 283 2541 Satire.
330 2510 373 2540 ib.
398 2510 456 2549 qui
477 2509 527 2538 F:
563 2509 606 2539 ib.
631 2510 711 2549 quia
734 2509 791 2539 El.
837 2510 894 2549 qui
918 2520 983 2540 non
1009 2510 1046 2540 F.
1095 2508 1126 2541 6.
1153 2518 1219 2549 ego
1238 2516 1270 2540 et
1292 2510 1362 2550 ipse
1386 2509 1422 2540 L.
1471 2511 1610 2542 tenebre
1635 2510 1685 2540 L:

161 2565 319 2594 tenebras
355 2563 392 2593 F.
450 2564 722 2602 depos.—vallos
757 2573 823 2593 om.
864 2563 901 2593 L.
950 2563 981 2595 7.
1009 2574 1111 2604 quern
1147 2564 1214 2595 des.
1254 2564 1348 2594 codd.
1408 2564 1599 2604 praescissa
1635 2564 1685 2594 L:

161 2618 269 2648 recisa
291 2617 328 2647 F.
375 2618 450 2657 plus
472 2627 538 2646 om.
563 2617 599 2646 F.
645 2622 676 2647 et
697 2623 794 2657 pater
816 2618 899 2648 Aen.
926 2617 1025 2656 I'erg.
1068 2618 1115 2648 dii
1138 2618 1238 2649 form.
1264 2617 1321 2648 FL
1343 2617 1395 2648 Gl.
1416 2629 1421 2648 :
1458 2618 1513 2649 die
1531 2618 1621 2648 firm.
1646 2617 1685 2649 E.

159 2683 208 2712 pr.
241 2672 332 2703 diem
362 2672 431 2702 sed.
465 2672 559 2702 codd.
615 2672 868 2702 inluminantur
899 2671 935 2701 L.
992 2672 1145 2712 fugiendi
1177 2672 1223 2702 E2
1256 2672 1283 2702 F
1316 2671 1368 2702 Gl.
1402 2672 1479 2710 (vel.
1513 2672 1685 2713 fugient):

161 2727 371 2768 fugientibus
393 2726 431 2757 L.
480 2723 510 2758 8.
538 2726 710 2768 gurgitem
730 2736 802 2766 pos.
825 2725 914 2756 E2L.
963 2724 994 2758 9.
1022 2727 1069 2757 rei
1090 2737 1158 2757 om.
1182 2725 1220 2756 E.
1264 2732 1326 2758 est.
1348 2736 1415 2757 om.
1439 2726 1478 2757 L.
1522 2736 1617 2768 oppr.
1640 2726 1684 2768 pl.
