1846 3017
663 97 801 145 Julian
833 97 878 145 os
909 98 1061 134 Tuledo
1576 101 1621 136 15

104 215 269 254 miseria
291 229 398 265 quae
419 223 575 254 statum
600 216 654 253 rei
678 229 856 265 magnac
879 217 999 255 dictis
1023 217 1217 265 infirmat,
1242 227 1285 257 ut
1308 227 1371 256 cst
1395 219 1431 256 in
1457 219 1625 257 Psalmo

103 284 186 333 (⁸21,
230 284 268 333 7)
310 286 420 334 ‘ego
457 290 596 321 autem
637 296 728 321 sum
769 283 922 321 vermis
962 291 1002 322 et
1043 297 1123 322 non
1166 286 1290 323 homo
1334 284 1623 336 [opprobrium

105 349 320 388 hominum
359 356 399 387 et
438 349 618 388 abiectio
656 348 808 401 plebis]
834 351 870 395 ’;
911 351 1063 400 quibus
1102 352 1240 390 verbis
1280 352 1431 391 vilibus
1471 353 1626 390 inmen-

105 418 209 456 sitas
240 418 378 456 divina
410 418 657 455 ostenditur.
725 418 828 454 Item
862 418 899 454 in
938 418 1169 466 Evangelio
1201 420 1275 465 (10.
1319 420 1379 467 10,
1419 422 1480 469 11)
1516 422 1628 468 ‘ego

105 499 197 524 sum
225 493 368 535 pastor
395 485 563 523 bonus.'
622 485 674 522 Et
701 484 822 533 (Mat.
858 487 920 532 11,
951 485 988 534 7)
1017 488 1025 502 ‘
1045 485 1143 533 quid
1172 485 1318 523 existis
1348 487 1385 524 in
1414 488 1623 524 desertum

105 553 273 592 videte?
321 551 595 590 harundinem
628 558 754 589 vento
788 551 1026 601 agitatam)
1092 551 1155 588 10.
1192 552 1528 592 Kakosintheton
1563 559 1625 592 est

104 619 256 658 vitiosa
281 618 518 669 conpositio
543 618 785 665 dictionum,
817 626 861 658 ut
888 618 1006 669 (Aen.
1036 620 1074 666 9,
1104 620 1197 669 610)
1228 624 1234 636 ⁸
1257 633 1460 668 versaque
1487 622 1627 659 iuven-

103 701 200 726 cum
227 693 347 738 terga
380 686 611 736 fatigamus
642 687 795 732 hasta‚’
829 699 957 736 quum
989 699 1110 725 versa
1143 688 1263 725 hasta
1295 687 1466 738 cuspide
1497 689 1626 725 boves

104 754 369 794 stimulamus
396 761 441 792 ut
467 759 640 793 exarent
666 761 833 791 terram.
891 752 956 790 11.
990 753 1253 803 Amphibolia
1282 762 1344 792 est
1372 755 1627 804 ambiguitas

105 821 302 860 dictionis
332 834 439 870 quae
473 821 516 858 fit
549 829 621 859 aut
654 834 728 870 per
757 833 901 859 casum
935 821 1237 867 accusativum,
1274 829 1318 860 ut
1352 822 1482 871 siquis
1515 823 1626 861 dicat

107 890 115 904 ⁸
135 889 263 927 audio
291 895 557 938 sequutorem
589 887 800 926 retiarium
832 900 1054 937 superasse
1074 889 1111 933 ';
1156 894 1424 936 sequutorem
1453 889 1556 927 dixit
1588 896 1628 927 et

105 969 186 995 non
234 956 416 994 ostendit
467 968 688 1005 personam
739 956 918 994 tacendo
967 968 1130 994 nomen.
1213 957 1327 995 Sicut
1379 959 1527 1007 Apollo
1575 959 1627 996 ad

105 1025 311 1075 Pyrrhum
343 1024 467 1073 (Enn.
504 1024 609 1061 Ann.
648 1023 737 1072 179)
769 1026 778 1042 ‘
800 1023 869 1061 aio
896 1030 951 1073 te,
985 1023 1181 1073 Aeacida,
1219 1025 1433 1063 Romanos
1465 1025 1628 1063 vincere

108 1092 289 1140 posse’:
334 1091 402 1129 ubi
448 1103 530 1128 non
574 1090 760 1129 ostendit
803 1103 926 1140 quem
973 1098 1227 1130 monstraret
1272 1106 1364 1131 esse
1408 1092 1622 1131 victorem.

106 1157 172 1196 12.
206 1155 272 1196 Fit
299 1165 338 1196 et
364 1170 436 1207 per
461 1158 664 1196 incertam
685 1157 1011 1207 distinctionem,
1041 1165 1085 1197 ut
1113 1157 1230 1207 (Aen.
1264 1162 1298 1207 l,
1330 1159 1420 1210 263)
1449 1160 1627 1197 ‘bellurn

98 1226 247 1274 ingens
262 1232 382 1275 geret
402 1224 522 1263 Italia
540 1224 802 1275 populosque
818 1214 994 1263 feroces‘
1013 1241 1022 1273 ;
1050 1227 1206 1264 incerta
1225 1224 1476 1274 significatio
1492 1233 1630 1265 utrum

101 1294 255 1332 bellum
275 1293 422 1342 ingens
443 1306 496 1331 an
519 1293 668 1343 ingens
691 1292 824 1330 Italia.
868 1291 933 1330 13.
958 1293 1025 1330 Fit
1046 1300 1086 1331 et
1106 1306 1179 1342 per
1199 1307 1418 1333 commune
1439 1296 1625 1339 verbum,

107 1368 151 1399 ut
177 1361 307 1410 siquis
331 1361 442 1399 dicat
471 1362 478 1376 ‘
499 1359 745 1398 criminatur
769 1360 910 1406 Cato‚’
944 1362 951 1376 ‘
974 1361 1152 1398 vadatur
1177 1360 1373 1408 Tullius‚‘
1403 1374 1477 1399 nec
1502 1361 1630 1398 addat

107 1441 231 1478 quem
259 1430 322 1466 vel
351 1441 373 1466 a
404 1441 512 1477 quo;
556 1441 631 1466 nec
659 1428 896 1466 ostenditur
924 1435 1062 1466 utrum
1095 1429 1171 1478 ipsi
1202 1428 1304 1466 alios
1336 1441 1386 1466 an
1417 1428 1483 1466 alii
1516 1428 1631 1476 ipsos

108 1494 350 1533 calumniati
397 1494 493 1533 sint.
569 1495 679 1533 Cato
724 1495 866 1544 itaque
911 1494 1188 1544 philosophus
1233 1495 1407 1533 aliorum
1454 1494 1630 1533 crimina

110 1562 463 1611 reprehendebat;
491 1560 652 1609 Cicero,
683 1561 753 1611 qui
779 1570 820 1600 et
846 1561 1021 1608 Tullius,
1052 1562 1249 1599 defensor
1272 1574 1495 1600 causarum
1521 1568 1624 1599 erat.

110 1627 271 1677 (Vades
296 1627 405 1666 enim
433 1626 628 1666 dicuntur
653 1628 723 1677 qui
753 1627 944 1678 legaliter
969 1641 1123 1666 causas
1148 1627 1313 1678 agunt.)
1375 1628 1455 1666 Sed
1485 1627 1523 1665 in
1552 1628 1630 1666 hac

109 1693 389 1744 ambiguitate
408 1707 489 1732 non
510 1694 695 1732 ostendit
714 1708 836 1743 quem
856 1693 1101 1732 criminetur
1118 1695 1229 1732 Cato
1245 1695 1308 1733 vel
1329 1707 1407 1743 pro
1424 1707 1507 1743 quo
1527 1701 1630 1743 agat

108 1762 267 1800 Cicero.
331 1761 541 1804 (Vadatur
573 1760 696 1809 enim,
733 1761 771 1801 id
804 1769 867 1799 est
899 1773 1071 1799 causam
1103 1760 1226 1810 agit.)
1287 1759 1352 1797 14.
1389 1759 1454 1799 Fit
1487 1768 1527 1798 et
1559 1772 1633 1810 per

114 1829 442 1873 distinctionem,
488 1835 533 1867 ut
577 1828 689 1867 ‘vidi
733 1835 918 1867 statuam
961 1841 1131 1867 auream
1174 1828 1343 1866 hastam
1383 1827 1628 1865 tenentem.'

110 1895 432 1945 Sicut·quidam
471 1895 510 1933 in
547 1902 805 1934 testamento
838 1896 1030 1935 heredem
1069 1909 1190 1934 suurn
1229 1895 1377 1934 statuit
1413 1902 1459 1933 ut
1494 1897 1546 1934 ab
1580 1907 1634 1933 eo

109 1962 185 2001 sibi
232 1969 405 2012 poneret
455 1964 668 2000 ‘statuam
717 1975 886 2001 auream
933 1963 1098 2000 hastam
1145 1962 1412 2008 tenentem‘;
1473 1963 1541 2001 ubi
1589 1961 1633 1998 fit

107 2029 364 2080 ambiguitas
401 2043 452 2068 an
489 2043 661 2068 auream
697 2036 880 2068 statuam
918 2042 1071 2080 ponere
1107 2031 1226 2069 heres
1264 2030 1413 2067 debeat
1451 2028 1630 2078 aliquam

110 2097 276 2135 hastam
301 2103 513 2135 tenentem
539 2110 591 2134 an
619 2103 804 2135 statuam
830 2097 1050 2136 cuiuslibet
1078 2096 1277 2134 materiae
1304 2096 1468 2134 hastam
1494 2097 1631 2134 solum

107 2176 276 2202 auream
311 2170 536 2201 tenentem.
630 2165 683 2201 Et
719 2164 815 2202 illud
853 2163 971 2212 (Aen.
1014 2166 1049 2210 1,
1092 2163 1181 2211 130)
1221 2166 1323 2201 ‘nec
1358 2164 1515 2200 latuere
1550 2163 1631 2201 doli

108 2288 175 2309 om.
201 2279 297 2309 codd.
325 2279 406 2317 (non
434 2277 515 2318 GL).
565 2279 797 2319 quibus—ost,
825 2283 899 2319 post
926 2280 1035 2310 bonus
1062 2278 1089 2308 E
1116 2278 1142 2308 F
1169 2278 1221 2309 GI.
1249 2285 1312 2309 ost.
1341 2284 1373 2308 et
1399 2285 1465 2317 ego
1489 2288 1564 2308 sum
1593 2277 1629 2307 F.

109 2334 405 2373 item—agitatam
433 2344 501 2363 om.
532 2332 568 2362 l..
621 2334 652 2363 in
681 2334 749 2364 den.
779 2344 845 2363 om.
878 2333 915 2363 Ε.
970 2331 1021 2364 10.
1051 2339 1126 2363 asta
1154 2333 1267 2372 cuspis
1295 2333 1335 2362 de
1363 2333 1464 2362 vobes
1492 2331 1633 2361 stimula

109 2388 222 2418 mulus
244 2394 281 2418 ut
303 2387 340 2417 E.
388 2386 440 2419 11.
468 2387 698 2418 distinctionis
721 2387 773 2418 Gl.
819 2395 878 2420 ret,
903 2398 975 2427 sup.
1001 2398 1066 2417 sec.
1091 2397 1158 2416 om.
1181 2386 1219 2416 E.
1265 2392 1297 2416 et
1320 2396 1386 2416 non
1407 2393 1472 2416 ost.
1499 2396 1566 2415 om.
1593 2385 1630 2415 L.

109 2441 257 2482 Strange
281 2442 355 2472 that
378 2441 493 2479 Julian
517 2442 596 2472 does
621 2448 679 2472 not
703 2452 757 2472 see
782 2442 838 2472 the
860 2442 955 2481 point
979 2441 1080 2471 here!
1129 2440 1215 2470 -cide
1242 2439 1278 2469 F.
1329 2437 1380 2470 13.
1411 2438 1464 2469 Fit
1489 2446 1519 2469 et
1543 2449 1629 2469 com.

109 2496 191 2533 (om.
215 2496 287 2535 per)
310 2495 366 2526 El.
413 2496 456 2527 al.
481 2506 539 2535 per
561 2496 651 2535 ipsos
675 2495 743 2525 FL.
789 2496 854 2525 cal.
879 2501 957 2525 sunt
982 2494 1018 2524 E.
1039 2505 1045 2524 :
1081 2504 1125 2524 an
1146 2494 1208 2524 cal.
1235 2499 1335 2526 <aut
1358 2493 1515 2526 vadati>
1541 2493 1633 2523 sint?

112 2548 184 2580 Cic.
208 2559 288 2580 vero
307 2550 365 2590 qui
384 2556 415 2580 et
438 2549 475 2580 Ε.
518 2550 609 2581 amb.
634 2560 700 2580 non
723 2559 784 2580 oro
805 2556 836 2579 tc
859 2559 924 2579 non
947 2555 1010 2579 ost.
1038 2548 1073 2578 Ι..
1116 2558 1148 2587 q.
1173 2547 1338 2577 crimatur
1361 2546 1400 2577 C.
1426 2546 1470 2576 El
1495 2546 1632 2585 (-mina-

115 2602 198 2642 E²):
231 2614 298 2634 om.
322 2603 359 2633 l..
396 2613 464 2643 quo
484 2614 551 2634 om.
576 2603 613 2634 E.
659 2601 713 2634 14.
736 2602 808 2643 per]
828 2613 888 2643 pro
910 2601 968 2632 El.
1006 2602 1079 2632 The
1101 2601 1248 2641 Spanish
1271 2601 1351 2638 (and
1371 2601 1464 2640 early
1487 2600 1633 2636 French)

110 2658 317 2697 per-symbol
340 2658 367 2688 is
390 2658 445 2688 the
467 2658 690 2689 Continental
711 2657 932 2697 pro-symbol.
977 2656 1114 2695 quidem
1139 2655 1176 2685 L.
1223 2655 1385 2684 heredum
1409 2654 1466 2684 El.
1512 2654 1634 2684 statuit

111 2721 178 2743 om.
204 2711 240 2742 F.
283 2712 346 2743 sibi
368 2711 481 2742 EFL:
515 2711 543 2742 si
566 2710 618 2741 Gl.
662 2717 763 2753 ponet
786 2710 822 2741 F.
867 2711 958 2742 amb.
983 2716 1024 2742 st.
1048 2719 1103 2740 au.
1127 2719 1180 2751 ρο.
1205 2709 1344 2740 heredes
1364 2709 1415 2741 de.
1440 2708 1483 2739 al.
1507 2708 1563 2740 ha.
1588 2714 1631 2740 te.
