1882 3032
240 121 289 157 20
799 122 938 171 Julian
969 123 1013 171 of
1043 124 1197 160 Toledo

237 240 527 290 praesumptio
556 242 626 290 rei,
661 249 701 280 et
732 244 800 291 qui
833 244 949 292 sequi
981 243 1212 281 debuerunt
1245 257 1366 294 reges
1399 243 1632 293 interpositi
1666 250 1762 282 sunt

238 308 277 345 in
313 315 472 357 septem
507 309 712 356 versibus,
749 319 789 349 et
822 316 970 360 postea
1006 310 1194 349 additum
1231 318 1293 349 est
1332 311 1560 360 procedunt
1594 311 1759 349 castris.

240 377 342 414 Inde¹
362 383 400 413 et
424 378 723 428 praesumptio,
748 377 845 427 quia
867 378 1105 427 anteposita
1129 386 1225 417 sunt
1248 392 1352 428 quac.
1377 380 1491 427 sequi
1515 380 1758 418 debuerunt.

238 443 452 493 Vergilius
490 443 607 495 (Aen.
652 448 686 494 l,
727 445 817 495 565)
857 446 979 493 ‘quis
1015 460 1150 495 genus
1187 447 1444 494 Aeneadum,
1485 447 1577 494 quis
1614 445 1764 484 Troiae

238 511 397 549 nesciat
433 513 641 559 ur·b⁴em=?‚'
682 515 778 552 dum
818 519 1071 562 anteponere
1110 513 1278 552 debuit:
1321 527 1402 551 non
1441 515 1621 552 obtunsa
1659 514 1765 551 adeo

237 586 458 627 gestamus
503 586 675 628 pectora
721 579 861 617 Poeni.
941 582 1047 618 Item
1096 580 1213 629 (Aen.
1267 583 1301 628 1,
1352 580 1444 630 678)
1495 583 1567 618 ‘ut
1614 580 1763 619 faciem

240 653 426 684 mutatus
449 654 489 685 et
511 660 584 686 ora
608 648 776 696 Cupido
792 649 799 663 '
820 662 828 695 ;
853 655 893 686 eit
917 653 1064 696 postea
1089 648 1302 686 subiunxit
1323 663 1330 686 :
1361 650 1553 686 incendat
1577 647 1764 699 reginam

245 711 392 764 [atque
423 713 590 752 ossibus
622 714 802 763 implicet
834 714 1026 765 ignem];
1072 728 1202 762 quum*
1232 715 1346 764 prius
1379 716 1498 766 ipsud
1530 716 1665 754 dicere
1697 716 1766 753 de-

239 782 355 819 buit:
406 782 598 820 incendat
631 781 819 830 reginam
852 789 978 831 atque
1010 782 1176 821 ossibus
1211 783 1389 832 implicet
1422 785 1587 833 ignem;
1634 791 1675 822 et
1708 783 1766 821 sic

241 849 521 897 subiungere:
588 856 632 887 ut
680 848 830 888 faciem
878 856 1065 887 mutatus
1114 857 1153 887 et
1201 864 1275 888 ora
1324 850 1490 899 Cupido
1542 849 1766 902 [donisque

242 914 487 967 furentem.]
570 914 608 954 6.
643 918 834 966 Zeugma
883 924 945 954 est
993 917 1116 955 unius
1165 918 1279 955 verbi
1329 917 1544 956 conclusio
1591 917 1767 956 diversis

240 984 437 1023 clausulis
463 991 560 1034 apte
586 985 823 1031 coniuncta,
853 994 896 1023 ut
925 986 1043 1035 (Aen.
1077 988 1113 1034 3,
1145 985 1237 1035 359)
1266 984 1536 1034 ‘Troiugena
1565 985 1768 1035 interpres

240 1052 381 1091 divum
422 1052 492 1101 qui
535 1052 705 1091 numina
747 1053 919 1101 Phoebi,
965 1053 1033 1102 qui
1078 1052 1278 1101 tripodas,
1326 1053 1452 1090 Clarii
1496 1054 1652 1101 lauro-s,
1698 1053 1768 1103 qui

241 1118 377 1158 sidera
406 1119 569 1166 sentis‚‘
602 1126 642 1158 et
672 1125 823 1158 cetera.
888 1120 934 1157 In
966 1121 1050 1158 isto·
1076 1121 1206 1158 verbo
1235 1119 1364 1159 sentis
1395 1127 1507 1160 totas
1539 1119 1768 1158 sententias

240 1187 456 1226 conclusit.
534 1186 572 1224 7.
607 1188 726 1225 Haec
768 1187 936 1225 schema
979 1187 1023 1224 fit
1066 1188 1199 1225 modis
1243 1187 1387 1226 tribus.
1460 1188 1571 1226 Nam
1614 1196 1686 1227 aut
1729 1187 1768 1225 in

244 1255 377 1303 primo
413 1261 485 1292 aut
521 1255 559 1291 in
596 1255 735 1291 medio
768 1262 840 1292 aut
876 1255 914 1292 in
949 1261 1139 1292 extremo
1174 1255 1212 1293 id
1247 1257 1419 1293 verbum
1455 1255 1622 1305 ponitur
1657 1257 1768 1305 quod

243 1324 475 1363 sententias
501 1324 648 1374 iungit.
712 1323 750 1361 8.
787 1325 831 1361 ln
861 1325 1008 1373 primo,
1040 1333 1085 1363 ut·
1114 1324 1257 1376 (Lucil.
1293 1325 1381 1375 139)
1416 1324 1621 1364 ‘vertitur
1646 1338 1770 1364 oeno-

240 1393 383 1442 phoris
405 1391 573 1439 fundus,
599 1393 806 1431 sententia
828 1393 980 1430 nobis)
1021 1391 1060 1429 9.
1096 1393 1141 1429 In
1164 1394 1315 1441 medio,
1341 1393 1519 1443 (Ennius
1542 1393 1647 1433 Ann.
1676 1394 1766 1443 329)

246 1462 252 1476 ‘
276 1461 453 1499 Graec-ia
479 1459 663 1510 Sulpicio
688 1460 789 1498 sorti
818 1462 931 1508 data,
962 1459 1094 1499 Gallia
1120 1460 1305 1498 Cottae!
1365 1459 1430 1496 10.
1466 1460 1512 1498 In
1539 1467 1768 1509 postremo,

244 1527 354 1577 (Ter.
403 1528 531 1566 Andr.
582 1527 646 1578 67)
693 1530 902 1575 ‘namque
948 1528 1026 1566 hoc
1071 1534 1258 1576 ternpore
1303 1527 1550 1575 obse-quium
1595 1527 1768 1573 amicos,

244 1596 402 1634 veritas:
430 1595 572 1634 odium
602 1595 742 1644 parit.'
807 1595 914 1633 Item*
943 1595 1092 1633 Cicero
1122 1596 1160 1634 in
1192 1595 1419 1633 Catilinam⁴
1450 1595 1503 1646 (1,
1540 1595 1602 1645 13)
1637 1597 1645 1611 ‘
1665 1608 1772 1645 quae

244 1669 343 1702 nota
372 1662 629 1702 domesticae
658 1662 944 1712 turpitudinis,
976 1665 1087 1712 quod
1119 1662 1376 1712 privatarum
1408 1675 1544 1700 rerum
1574 1663 1769 1708 dedecus,

244 1744 354 1781 quae
389 1730 518 1769 lib-ido
553 1732 605 1769 ab
642 1730 787 1777 oculis,
828 1733 939 1778 quod
979 1730 1184 1780 flagitium
1223 1745 1246 1768 a
1283 1739 1357 1769 tuo
1392 1743 1566 1779 corpore
1605 1730 1741 1767 afuit?
1764 1730 1772 1744 ²

248 1800 352 1836 Item
390 1798 573 1848 ‘anguis
605 1811 751 1847 pressa
785 1797 906 1848 perit,
945 1799 1035 1837 sera
1067 1798 1165 1846 telo,
1202 1797 1347 1847 virque
1382 1799 1574 1834 veneno.’
1670 1798 1772 1835 Item

246 1868 253 1882 ‘
276 1866 442 1916 anguis,
468 1879 582 1916 aper,
610 1865 769 1903 iuvenis
792 1872 966 1914 pereunt
988 1865 1043 1913 vi,
1069 1865 1265 1914 pondere,
1293 1865 1467 1903 morsu.’
1529 1863 1594 1901 11.
1630 1865 1774 1915 Hypo-

246 1934 389 1973 zeuxis
415 1940 479 1972 est
506 1934 641 1984 figura
669 1933 872 1983 superiori
898 1932 1123 1983 contraria,
1154 1933 1222 1971 ubi
1250 1932 1415 1972 diversa
1444 1933 1572 1971 verba
1598 1931 1774 1982 singulis

247 2001 482 2052 quibusque
519 2000 718 2039 clausulis
757 2001 922 2050 proprie
962 2000 1289 2050 subiunguntur,
1331 2006 1376 2038 ut
1416 1999 1533 2050 (Aen.
1575 2002 1637 2049 10,
1684 1999 1773 2050 149)

249 2073 257 2087 ¹
280 2083 423 2120 regern
454 2069 540 2107 adit
571 2076 612 2107 et
643 2069 730 2118 regi
762 2074 967 2106 memorat
999 2080 1233 2115 nomenque
1263 2068 1514 2117 genusque.,'
1548 2074 1588 2105 et
1619 2073 1771 2106 cetera.

250 2139 303 2176 Et
353 2138 450 2176 illud
503 2138 511 2152 ‘
531 2134 761 2174 vinolentia
810 2135 971 2185 invitat,
1027 2134 1142 2173 inflat
1194 2133 1403 2183 superbia„
1456 2133 1672 2173 iracundia
1718 2132 1777 2171 in-

249 2207 450 2253 flammat,
484 2203 688 2252 inquietat
716 2202 956 2252 crudelitas,
990 2201 1176 2240 stimulat
1206 2201 1394 2250 ambitio,
1428 2202 1606 2240 delectat
1635 2201 1774 2248 libido,

249 2270 498 2322 praecipitat
532 2271 774 2320 rapacitaS.‘
868 2268 933 2307 12.
968 2269 1183 2319 S'yllemsis
1218 2276 1282 2308 est
1317 2268 1580 2308 dissimilium
1615 2270 1779 2308 clausu-

252 2342 384 2378 larum
408 2352 481 2388 per
503 2352 631 2376 unum
654 2340 827 2376 verbum
851 2337 1143 2387 conglutinata
1167 2336 1399 2385 conceptio,
1427 2344 1472 2374 ut
1497 2336 1614 2387 (Aen.
1645 2338 1681 2384 1,
1711 2336 1774 2386 16)

253 2408 347 2445 ‘hic
377 2406 483 2445 illius
511 2418 642 2451 arma,
674 2405 738 2443 hic
766 2418 912 2444 currus
942 2404 1054 2443 fuit)
1115 2402 1179 2440 13.
1216 2404 1310 2443 Hoc
1337 2403 1504 2443 schema
1534 2405 1614 2441 late
1644 2409 1774 2454 patet,

250 2533 306 2572 qui
328 2532 383 2562 El.
428 2530 524 2570 dum]
543 2541 621 2561 cum
643 2530 679 2559 F.
723 2536 755 2560 et
775 2536 860 2569 post.
883 2529 1037 2569 subiun]
1055 2530 1222 2569 donisque
1240 2529 1410 2560 furentem
1432 2530 1468 2559 L.
1514 2529 1778 2569 atque—ignem

251 2598 317 2616 om.
341 2585 409 2615 EF.
453 2586 531 2615 don.
555 2585 620 2616 fur.
644 2595 710 2614 om.
734 2584 804 2614 EL.
859 2581 889 2614 ὃ.
919 2590 986 2623 apt.
1010 2594 1083 2613 con.
1106 2584 1172 2614 div.
1195 2584 1234 2614 cl.
1259 2583 1296 2613 F.
1337 2583 1421 2614 clari
1443 2584 1563 2620 (clauri
1585 2583 1660 2622 El.)
1680 2583 1775 2614 codd.

251 2641 353 2670 verba
375 2639 412 2669 E.
460 2644 532 2669 tota
555 2639 724 2669 sententia
750 2638 785 2667 L.
832 2635 861 2668 7.
891 2648 970 2668 nam
995 2644 1030 2667 ut
1055 2638 1085 2667 in
1110 2638 1147 2668 F.
1204 2635 1233 2668 8.
1262 2637 1390 2668 enforis
1413 2637 1507 2667 codd.
1566 2635 1596 2668 9.
1627 2637 1665 2668 In
1687 2637 1776 2667 med.

253 2700 288 2724 ut
316 2694 353 2724 L.
418 2691 470 2725 10.
498 2691 593 2733 aper]
620 2703 702 2732 apro
730 2692 756 2722 L
784 2691 870 2729 (The
898 2691 1045 2731 Spanish
1073 2691 1280 2731 per-symbol
1308 2692 1405 2721 stood
1434 2692 1465 2721 in
1495 2691 1550 2723 the
1575 2691 1774 2731 exemplar).

254 2747 398 2788 veneno]
421 2758 542 2777 venere
567 2746 619 2776 Gl.
665 2745 716 2777 11.
745 2746 916 2785 rapacitas
941 2756 1008 2776 om.
1036 2745 1084 2775 L:
1120 2749 1198 2775 ante
1223 2745 1390 2785 inquietat
1416 2745 1472 2774 EF
1497 2745 1549 2776 Gl.
1599 2744 1651 2777 14.
1677 2750 1709 2775 et
1731 2745 1776 2776 al.
