1846 3017
646 150 785 199 Julian
815 150 860 199 of
891 150 1044 188 Toledo
1556 155 1605 192 33

85 269 177 320 381)
211 272 219 285 ⁸
241 271 411 320 Septem
441 269 627 307 subiecta
661 269 835 315 Trioni‚'
871 283 945 320 pro
978 271 1310 320 Septemtrione;
1357 279 1397 311 et
1430 272 1456 322 (¹
1480 273 1603 310 Enn.'

84 338 192 376 Ann.
220 338 313 389 609)
341 341 349 355 ⁸
371 349 474 375 saxo
498 350 590 375 cere
616 337 861 376 comminuit
888 339 1005 376 brum
1026 339 1062 384 ’;
1103 347 1142 376 et
1171 339 1198 387 (⁶
1222 339 1345 376 Enn.'
1376 341 1481 378 Ann.
1514 341 1604 390 610)

86 406 94 421 ⁸
116 405 290 443 Massali
321 405 546 454 portabant
580 406 749 442 iuvenes
781 407 836 444 ad
865 404 989 443 litora
1021 406 1174 442 mnas)
1240 406 1330 443 Hoc
1363 415 1453 444 est:
1506 408 1607 457 Sep-

84 471 295 520 tentrioni,
319 473 534 509 cerebrum
560 479 598 509 et
627 471 938 509 Massalitanas.
1004 473 1107 510 ltcm
1134 481 1176 510 ut
1203 473 1321 522 (Aen.
1357 476 1389 520 l,
1419 476 1510 523 412)
1538 479 1606 512 *et

83 540 216 577 multo
262 540 436 577 nebulae
482 539 636 576 circum
685 541 761 576 dea
810 539 915 577 fudit
961 540 1150 585 amictu,'
1201 553 1276 589 pro
1322 539 1602 578 circumfudit.

81 605 148 645 5'1.
183 607 287 645 Item
327 608 336 623 ‘
360 606 488 644 Hiero
525 619 647 656 quem
684 607 830 657 genuit
869 607 1040 656 solymis
1079 606 1282 646 Davidica
1321 607 1488 657 proles,
1532 621 1606 657 pio

84 673 400 723 Hierosolymis.
467 674 570 711 Item
601 674 728 723 (Eug.
763 675 852 711 Tol.
890 676 924 720 1,
959 675 1022 723 23)
1057 676 1065 690 ‘
1085 688 1112 712 o
1143 676 1190 712 Io
1218 674 1446 712 versiculos
1475 688 1605 713 nexos

79 741 176 791 quia
209 740 390 790 despicis
423 742 585 786 annes,’
623 754 700 791 pro
736 742 926 779 Ioannes.
989 740 1055 779 58.
1090 742 1310 791 Synthesis
1346 742 1604 791 hyperbaton

80 816 145 847 est
183 821 234 846 ex
272 809 384 846 omni
425 817 544 858 parte
580 809 816 857 confusum,
860 816 903 846 ut
945 809 1062 858 (Aen.
1110 810 1144 854 1,
1191 810 1280 859 108)
1325 809 1428 847 ‘tris
1470 809 1606 846 Notus

81 877 280 925 abreptas
318 876 355 914 in
397 889 499 914 saxa
539 876 709 914 latentia
749 882 930 924 torquet,
973 888 1075 914 saxa
1115 883 1267 914 vocant
1309 875 1416 924 Itali,
1460 875 1606 914 mediis

79 955 187 992 quae
214 943 254 981 in
282 943 490 992 fluctibus,
524 944 650 981 aras.'
715 943 879 981 Etenim
908 945 1011 981 ordo
1040 942 1135 981 talis
1163 950 1252 989 e¹st;
1295 950 1381 981 tres
1409 944 1606 992 abreptas

83 1011 220 1050 Notus
253 1009 292 1048 in
325 1023 427 1048 saxa
461 1017 642 1058 torquet,
678 1023 783 1060 quae
817 1022 921 1048 saxa
954 1011 992 1047 in
1027 1009 1173 1049 mediis
1208 1009 1400 1048 fluctibus
1434 1009 1605 1048 latentia

83 1077 175 1116 Itali
210 1090 306 1116 aras
340 1085 505 1115 vocant.
567 1075 634 1115 59.
668 1077 903 1126 Synthesis,
941 1078 1008 1116 ubi
1044 1091 1093 1115 ex
1129 1079 1239 1115 omni
1276 1083 1395 1126 parte
1427 1077 1607 1116 confusa

81 1151 178 1183 sunt
219 1146 360 1193 verba,
404 1151 449 1182 ut
490 1145 528 1182 in
570 1144 706 1194 primo
746 1144 955 1182 Aeneidos
998 1144 1107 1194 (195)
1155 1144 1278 1182 ‘vina
1321 1145 1455 1182 bonus
1497 1156 1606 1193 quae

79 1212 228 1250 deinde
277 1211 392 1251 cadis
442 1220 637 1249 onerarat
688 1212 863 1250 Acestes
914 1211 1034 1250 litore
1083 1210 1298 1249 Trinacrio
1350 1211 1605 1259 dederatque

80 1277 333 1317 abeuntibus
371 1278 496 1315 heros
535 1278 714 1316 dividit)
790 1279 900 1316 Nam
940 1279 1082 1317 debuit
1121 1278 1284 1316 dicere:
1344 1277 1441 1316 vina
1480 1278 1604 1316 heros

79 1347 227 1386 dividit
260 1360 366 1397 quae
400 1350 536 1386 bonus
570 1348 746 1386 Acestes
780 1347 997 1386 Trinacrio
1031 1348 1149 1386 litore
1183 1347 1300 1386 cadis
1332 1355 1528 1386 onerarat
1562 1354 1602 1385 et

78 1417 329 1457 abeuntibus
359 1419 555 1465 dederat;
601 1419 679 1456 ista
707 1419 831 1457 heros
861 1418 1021 1465 dividit,
1056 1418 1095 1458 id
1123 1425 1187 1457 est
1218 1418 1394 1456 Aeneas.
1458 1415 1522 1455 60.
1558 1418 1603 1455 In

78 1486 263 1524 secundo
288 1486 385 1524 item
413 1485 522 1536 (348)
543 1499 551 1523 :

297 1568 451 1618 incipio
477 1582 601 1618 super
629 1569 720 1607 his:
754 1569 938 1616 iuvenes,
972 1568 1202 1608 fortissima
1231 1569 1387 1608 frustra

294 1646 479 1690 pectora,
506 1639 539 1677 si
561 1638 680 1677 vobis
704 1639 926 1678 audentem
949 1645 1136 1678 extrema
1158 1637 1311 1689 cupido

292 1714 406 1745 certa
428 1706 560 1754 sequi,
585 1719 691 1754 quae
714 1705 766 1744 sit
788 1706 911 1745 rebus
935 1709 1105 1746 fortuna
1125 1706 1277 1744 videtis
1296 1720 1304 1744 ε

292 1786 512 1812 excessere
539 1786 688 1812 omnes
714 1773 852 1823 adytis
881 1772 1047 1821 arisque
1078 1773 1231 1812 relictis

290 1841 330 1880 di
355 1841 506 1890 quibus
531 1841 749 1890 imperium
773 1842 852 1880 hoc
876 1846 1075 1888 steterat;
1115 1839 1356 1879 succurritis
1383 1842 1472 1880 urbi

293 1907 512 1955 incensae;
549 1908 777 1946 moriamur
798 1915 838 1946 et
863 1908 902 1945 in
927 1906 1062 1946 media
1086 1920 1202 1946 arma
1226 1919 1409 1946 ruamus.

75 1990 141 2031 61.
172 1993 292 2031 Ordo
325 1991 420 2030 talis
455 1998 546 2030 est:
601 1992 786 2040 iuvenes,
825 1991 1054 2030 fortissima
1090 1998 1262 2041 pectora
1298 1993 1469 2042 frustra,
1509 2005 1601 2030 suc-

75 2059 242 2098 curritis
282 2060 372 2098 urbi
415 2059 623 2105 incensae,
667 2060 764 2107 quia
804 2065 1076 2098 excesserunt
1116 2058 1181 2105 di;
1238 2060 1361 2108 unde,
1406 2060 1439 2097 si
1482 2058 1601 2097 vobis

75 2126 230 2177 cupido
256 2133 372 2166 certa
401 2134 464 2165 est
494 2140 559 2165 me
590 2127 707 2176 sequi
738 2126 961 2165 audentem
993 2132 1195 2173 extrema,
1231 2126 1457 2165 moriamur
1489 2133 1529 2164 et
1561 2124 1599 2162 in

77 2194 212 2232 media
238 2207 357 2233 arma
382 2206 566 2232 ruamus.
629 2191 694 2230 62.
731 2194 838 2231 Item
863 2192 1041 2232 Ovidius
1071 2192 1190 2245 (Met.
1225 2194 1260 2241 1,
1295 2192 1360 2243 1):

288 2278 328 2316 in
356 2291 464 2316 nova
494 2278 573 2315 sert
601 2277 765 2316 animus
795 2283 980 2315 mutatas
1007 2277 1143 2316 dicere
1172 2277 1330 2315 formas

289 2358 494 2395 corpora:
539 2346 578 2384 di
605 2345 766 2394 coeptis
793 2343 910 2395 (narn.
934 2356 1009 2383 vos
1037 2343 1209 2382 mutatis
1237 2353 1276 2384 et
1305 2342 1410 2393 illas)

289 2412 473 2462 aspirate
500 2412 614 2451 meis.

72 2511 105 2550 2,
128 2511 185 2551 10)
203 2512 284 2543 does
303 2518 361 2543 not
382 2512 486 2542 know
509 2512 563 2542 the
585 2521 685 2541 name
705 2511 742 2541 of
762 2511 829 2541 this
849 2521 967 2541 carver
987 2511 1024 2542 of
1045 2510 1307 2550 Hierosolymis.
1363 2508 1416 2542 58.
1444 2517 1493 2541 est
1517 2511 1593 2550 hyp.

77 2566 115 2597 L.
165 2566 302 2597 Accedit
328 2565 368 2597 G.
419 2572 470 2596 est
497 2566 587 2596 enirn
613 2566 695 2596 ordo
722 2565 801 2596 talis
828 2564 854 2594 F
880 2566 891 2605 (
918 2575 985 2595 non
1011 2564 1093 2605 Gl.).
1144 2565 1205 2596 tris
1233 2565 1271 2595 E.
1334 2563 1389 2597 59.
1418 2565 1460 2594 vi.
1490 2574 1596 2595 vonos

71 2630 161 2660 quae
185 2619 222 2650 E.
272 2626 388 2651 acates
414 2620 450 2650 F.
499 2625 614 2650 acates
641 2619 676 2648 F.
727 2626 846 2650 ont-rat
869 2618 1012 2659 (hon-E)
1037 2618 1105 2649 EF.
1166 2616 1220 2650 60.
1248 2619 1394 2649 audendi
1421 2618 1593 2657 (audiendi

73 2674 115 2715 E)
140 2675 234 2705 codd.
263 2675 346 2712 (sed.
373 2675 416 2706 cf.
445 2675 560 2713 infra).
609 2684 684 2713 cup.
712 2680 762 2704 est
788 2673 824 2703 1,.
873 2673 928 2703 ad.
955 2673 1129 2713 sacrisque
1155 2673 1204 2703 L:
1243 2673 1326 2704 aditi
1353 2673 1526 2712 sacrisque
1553 2672 1593 2702 G.

76 2727 385 2769 moriamur—(61)
413 2728 571 2759 incensae
600 2738 667 2758 om.
702 2727 738 2758 F.
805 2725 859 2759 61.
888 2733 941 2757 est
971 2727 1002 2757 id
1030 2732 1082 2756 est
1109 2727 1176 2757 iuv.
1209 2726 1247 2757 E.
1302 2732 1399 2756 extra
1430 2725 1470 2757 G.
1538 2724 1591 2757 62.

71 2792 211 2823 corpore
243 2783 338 2813 codd.
394 2783 542 2823 deceptis
575 2782 626 2812 E:
670 2782 799 2822 decepti
830 2785 907 2812 cett.
964 2781 1108 2812 mutatis
1137 2781 1241 2811 etiam
1276 2780 1329 2811 Gl.
1385 2778 1439 2812 63.
1467 2780 1595 2820 dempti
