1846 3017
692 102 832 151 Julian
861 103 906 151 os
937 103 1090 140 Toledo
1603 105 1648 142 31

131 230 242 260 esset
270 222 391 260 unius
418 221 558 271 gentis
585 221 746 259 civitas.
810 220 874 258 44.
912 221 974 259 Fit
1004 231 1043 260 et
1073 224 1109 260 in
1139 223 1375 272 quantitate
1404 223 1603 272 temporis
1632 237 1654 261 a

132 297 249 338 parte
278 296 427 336 toturn,
460 288 565 326 sicut
596 288 632 327 in
664 288 859 337 passione
891 290 1055 327 Domini
1087 291 1206 339 (Mat.
1243 292 1306 336 27,
1341 294 1403 337 45,
1437 295 1534 341 etc.)
1567 292 1656 330 reli-

131 370 238 406 quae
265 365 410 394 sextae
439 356 581 403 seriae,
615 357 651 394 id
681 363 743 392 cst
772 357 862 393 illae
892 364 975 393 tres
1004 357 1144 403 horae,
1177 366 1290 395 totus
1318 359 1406 396 (lies
1435 358 1649 407 accipitur.

133 424 185 461 Et
209 424 304 463 illud
327 426 437 472 quod
462 424 690 472 Apostolus
712 423 809 462 dicit
833 424 938 471 (Gal.
972 425 1004 468 1,
1034 426 1096 475 18)
1122 425 1325 463 mansisse
1350 428 1458 474 apud
1486 427 1652 463 Petrum

135 490 309 529 ‘diebus
342 490 610 540 quindecim,'
648 491 745 528 dum
782 490 834 527 ibi
869 498 908 528 et
943 498 1086 528 noctes
1124 491 1431 540 intellegantur.
1527 495 1578 530 lit
1616 493 1653 529 in

132 557 307 596 Genesis
331 558 386 606 (1,
414 558 451 602 5)
479 562 486 574 ⁴
510 558 665 595 sactum
691 566 753 594 est
778 570 949 606 vespere
973 565 1012 594 et
1038 571 1158 595 mane
1181 558 1269 596 dies
1294 561 1433 605 unuS,'
1461 562 1557 599 dum
1584 573 1655 609 per

132 637 252 662 mane
281 631 321 662 et
350 637 569 672 vesperum
602 631 735 662 totum
763 625 872 663 diem
902 627 1097 663 ostendat
1128 633 1167 662 et
1198 632 1329 663 totam
1362 633 1538 663 noctem.
1604 626 1654 662 Et

133 692 170 730 in
208 691 488 742 Apocalypsin
527 692 582 741 (2,
626 692 688 739 10)
728 691 991 729 ‘habebitis’
1032 691 1162 740 inquit
1204 696 1472 741 ‘pressuram
1510 692 1655 731 diebus

131 760 306 804 decem,'
335 771 462 806 quum
493 759 530 796 in
560 757 624 796 his
651 771 773 795 omne
802 766 966 807 tempus
997 757 1216 807 significet.
1280 758 1345 796 45.
1380 761 1484 797 Itcm
1514 774 1536 797 a
1567 767 1658 797 toto

131 832 307 875 partem,
332 825 437 863 sicut
460 827 509 863 de
531 824 851 874 quadringentis
874 825 994 863 annis
1015 825 1166 875 quibus
1191 827 1227 864 in
1252 828 1446 875 Aegypto
1468 834 1655 864 moratus

131 901 194 930 est
220 894 398 954 populus
427 892 516 937 Dei,
545 893 771 931 abstractis
796 892 943 931 exinde
969 892 1185 942 octoginta
1213 893 1332 930 annis
1360 895 1475 941 regni
1507 893 1654 942 loseph

132 959 301 997 veniunt
327 959 470 1008 reliqui
497 959 712 997 servitutis
740 960 866 997 Israel
891 960 1065 997 trecenti
1090 960 1239 1009 viginti
1265 959 1376 1006 anni,
1405 973 1512 1009 quos
1538 961 1655 998 Deus

130 1027 462 1076 quadringentos
506 1026 771 1076 praedixerat
817 1026 936 1076 (Gen.
988 1027 1048 1071 15,
1100 1027 1175 1075 13).
1251 1027 1302 1064 Et
1348 1028 1385 1065 in
1433 1027 1655 1064 Salomone

132 1094 247 1143 (Sap.
284 1094 319 1139 7,
356 1094 392 1143 1)
425 1093 492 1130 ‘in
524 1101 642 1132 utero
673 1093 819 1130 matris
850 1094 1056 1142 figuratus
1087 1095 1212 1139 sum,'
1246 1106 1345 1131 caro
1372 1095 1514 1133 decem
1545 1106 1657 1132 men-

132 1174 255 1199 suum.
290 1173 364 1210 pro
401 1173 522 1198 nova.
588 1161 640 1197 Et
678 1161 716 1198 in
755 1159 945 1210 Vergilio
980 1160 1098 1209 (Aen.
1141 1162 1178 1208 4,
1220 1160 1310 1210 701)
1352 1160 1490 1198 ‘mille
1528 1160 1655 1198 trahit

131 1228 272 1266 varios
322 1229 612 1271 a<d>verso
662 1228 747 1264 sole
800 1217 995 1273 colores,'
1049 1240 1126 1277 pro
1177 1234 1378 1276 quattuor
1429 1226 1650 1266 coloribus.

131 1293 196 1332 46.
229 1294 566 1344 Onomatopoeia
602 1301 666 1332 est
704 1307 853 1332 nomen
891 1296 941 1332 de
980 1307 1086 1332 sono
1123 1297 1294 1341 factum,
1336 1302 1380 1332 ut
1422 1293 1624 1331 ‘tinnitus
1647 1294 1655 1307 '

130 1363 253 1411 aeris,
306 1364 314 1377 ‘
334 1362 535 1412 clangor’
586 1362 794 1399 tubarum.
873 1361 995 1399 Dicta
1044 1368 1183 1399 autem
1232 1361 1555 1410 onomatopoeia
1604 1361 1658 1398 ab

132 1430 335 1468 imitando
365 1442 512 1468 sonum
545 1429 660 1467 vocis
692 1429 908 1474 confusae,
943 1436 986 1467 ut
1023 1428 1233 1465 ‘stridor'
1269 1429 1499 1475 valvarum,
1540 1427 1656 1465 ‘hin-

130 1496 242 1535 nitus
261 1498 269 1512 '
295 1509 511 1544 equorum,
539 1499 547 1513 ‘
569 1495 757 1545 mugitus
776 1497 784 1511 ’
811 1498 952 1542 bourn,
981 1497 988 1511 ‘
1010 1495 1203 1532 balatus'
1229 1494 1384 1533 ovium.
1446 1492 1511 1532 47.
1545 1493 1657 1532 Peri-

131 1563 296 1613 phrasis
319 1570 383 1602 est
407 1563 757 1612 circumloquutio
779 1575 886 1612 quae
912 1563 954 1600 fit
979 1569 1050 1600 aut
1076 1562 1289 1600 ornandae
1314 1563 1370 1600 rei
1395 1575 1522 1600 causa
1549 1573 1656 1611 quae

131 1632 302 1680 pulchra
332 1638 395 1668 est
425 1637 497 1668 aut
525 1630 720 1668 vitandae
750 1643 859 1679 quae
886 1629 1018 1678 turpis
1049 1636 1127 1676 est,
1162 1636 1205 1668 ut
1237 1629 1354 1679 (Aen.
1390 1630 1426 1674 4,
1461 1629 1552 1677 584)
1587 1631 1595 1644 ‘
1615 1634 1655 1666 et

132 1699 212 1737 iam
239 1697 372 1747 prima
400 1710 508 1735 novo
538 1698 764 1747 spargebat
792 1695 943 1735 lumine
972 1697 1140 1740 terraS‚'
1169 1704 1209 1734 et
1237 1703 1386 1734 cetera.
1452 1696 1505 1733 Et
1533 1695 1651 1744 (Geo.

131 1766 168 1810 3,
211 1766 301 1814 135)
338 1768 346 1783 ⁴
369 1764 497 1802 nimio
532 1778 581 1802 ne
617 1767 714 1802 luxu
751 1763 970 1802 obtunsior
1007 1776 1108 1801 usus
1145 1762 1197 1801 sit
1233 1761 1405 1812 genitali
1441 1764 1574 1809 arvo,‘
1615 1768 1656 1800 et

128 1839 279 1871 cetera.
357 1829 422 1870 48.
458 1831 539 1870 Hic
582 1838 728 1880 tropus
771 1831 966 1880 geminus
1011 1837 1087 1868 est.
1166 1831 1273 1868 Nam
1319 1836 1392 1868 aut
1435 1829 1655 1867 veritatem

132 1898 346 1948 splendide
383 1897 574 1947 producit
611 1904 683 1935 aut
722 1897 966 1934 foeditatem
1003 1896 1177 1935 circuitu
1215 1896 1358 1934 evitat.
1421 1896 1653 1934 Veritatem

131 1969 346 2020 splendide
382 1967 587 2018 producit,
629 1967 735 2006 sicut
774 1966 892 2015 (Aen.
936 1968 974 2015 4,
1015 1967 1106 2017 584)
1149 1968 1218 2005 ‘et
1255 1967 1337 2004 iam
1375 1965 1508 2016 prima
1547 1978 1658 2004 novo

130 2037 359 2086 spargebat
407 2034 561 2074 lumine
611 2042 744 2072 terras
792 2033 961 2072 Tithoni
1010 2047 1202 2072 croceum
1251 2032 1443 2082 linquens
1494 2033 1654 2071 Aurora

129 2105 295 2150 cubile,’
325 2105 364 2143 id
391 2110 454 2141 est
482 2103 562 2140 iam
590 2102 826 2140 lucescebat
851 2109 923 2139 aut
951 2101 1041 2140 dies
1064 2107 1182 2138 ortus
1208 2106 1310 2138 erat.
1374 2101 1427 2139 Et
1453 2101 1493 2138 in
1523 2101 1655 2138 Buco-

131 2171 219 2209 licis
255 2171 310 2221 (1,
350 2171 415 2222 21)
456 2169 623 2208 ‘ovium
661 2177 829 2207 teneros
862 2169 1065 2217 depellere
1103 2169 1246 2214 fetus,‘
1287 2169 1363 2206 hoc
1401 2175 1464 2205 est
1501 2179 1650 2217 agnos.

130 2237 195 2276 49.
231 2239 333 2275 Item
365 2237 608 2276 foeditatem
637 2234 809 2273 circuitu
839 2235 983 2283 evitat,
1015 2234 1122 2272 sicut
1152 2234 1271 2284 (Aen.
1305 2236 1343 2279 8,
1376 2235 1467 2282 405)
1501 2237 1509 2251 ‘
1531 2233 1655 2283 placi-

129 2307 310 2355 dumque
346 2304 490 2354 petivit
525 2303 718 2352 coniugis
754 2303 917 2340 infusus
952 2301 1145 2351 gremio.'
1211 2302 1301 2340 Hoc
1337 2303 1444 2339 enim
1480 2301 1653 2340 circuitu

129 2373 259 2412 evitat
318 2372 562 2410 foeditatem
625 2377 664 2407 et
727 2371 921 2407 (lecenter
979 2368 1163 2406 ostendit
1225 2368 1504 2406 concubitum.
1602 2369 1654 2405 Et

131 2440 358 2490 Apostolus
394 2439 534 2487 (Rom.
577 2439 612 2484 1,
653 2436 717 2485 26)
756 2439 1021 2474 ‘mutaverat
1058 2436 1288 2473 naturalem
1326 2449 1445 2473 usum
1485 2435 1522 2472 in
1560 2448 1653 2472 eum

127 2563 160 2587 et
182 2557 214 2587 in
238 2556 274 2586 L.
319 2556 412 2596 apsis
434 2555 469 2585 F.
513 2555 632 2585 diebus
656 2553 735 2583 FL:
771 2553 842 2583 dios
864 2552 901 2582 E.
948 2553 1191 2591 intelleguntur
1216 2553 1252 2583 E.
1299 2553 1388 2593 quod
1411 2559 1443 2583 ot
1467 2553 1498 2582 in
1525 2552 1548 2582 1.
1571 2554 1651 2590 (non

129 2610 197 2649 Gl).
254 2608 309 2642 45.
337 2610 413 2640 inde
438 2609 462 2638 1,
483 2612 563 2645 (non
587 2607 667 2644 GL).
713 2617 773 2647 pro
797 2617 917 2637 novem
941 2606 998 2636 El„
1022 2606 1075 2637 GI.
1131 2605 1186 2638 46.
1213 2607 1343 2637 (lictum
1368 2606 1404 2636 F.
1451 2607 1493 2636 ad
1518 2606 1654 2636 imitan—

128 2665 209 2695 dum
236 2663 294 2694 EF
320 2662 373 2693 Gl.
421 2669 481 2693 str.
509 2663 687 2693 beluarum
716 2661 784 2690 EL.
843 2659 898 2692 47.
925 2671 1029 2691 causa
1053 2671 1121 2691 om.
1151 2660 1188 2690 F.
1249 2657 1303 2691 48.
1330 2661 1449 2690 circuit
1475 2667 1506 2690 et
1532 2670 1582 2691 ev.
1613 2660 1650 2690 L.

129 2719 192 2750 hoc
214 2724 264 2748 est
288 2725 342 2758 ag.
368 2728 434 2747 om.
463 2717 498 2747 L.
558 2714 611 2747 49.
640 2715 757 2746 circuit
781 2721 812 2746 et
835 2725 884 2745 ev.
911 2714 947 2745 L.
996 2721 1032 2746 ut
1056 2715 1142 2746 sicut
1168 2714 1235 2745 FL.
1283 2719 1442 2745 evenerat
1468 2714 1554 2745 foed.
1579 2714 1650 2745 dec.
