<?xml version="1.0" encoding="UTF-8"?>
<!DOCTYPE html PUBLIC "-//W3C//DTD XHTML 1.0 Transitional//EN"
    "http://www.w3.org/TR/xhtml1/DTD/xhtml1-transitional.dtd">
<html xmlns="http://www.w3.org/1999/xhtml" xml:lang="en" lang="en">
 <head>
  <title>
</title>
<meta http-equiv="Content-Type" content="text/html;charset=utf-8" />
  <meta name='ocr-system' content='tesseract 3.04.00' />
  <meta name='ocr-capabilities' content='ocr_page ocr_carea ocr_par ocr_line ocrx_word'/>
</head>
<body>
  <div class='ocr_page' id='page_1' title='image "./devitiisetfiguri00juliuoft_0045.png"; bbox 0 0 1846 3017; ppageno 0'>
   <div class='ocr_carea' id='block_1_1' title="bbox 665 135 1622 184">
    <p class='ocr_par' dir='ltr' id='par_1_1' title="bbox 665 135 1622 184">
     <span class='ocr_line' id='line_1_1' title="bbox 665 135 1622 184; baseline 0.001 -13"><span class='ocrx_word' id='word_1_1' title='bbox 665 135 805 184; x_wconf 70' lang='lat' dir='ltr'>Julian</span> <span class='ocrx_word' id='word_1_2' title='bbox 835 135 879 184; x_wconf 76' lang='lat' dir='ltr'>os</span> <span class='ocrx_word' id='word_1_3' title='bbox 910 136 1063 172; x_wconf 69' lang='lat' dir='ltr'>Tuledo</span> <span class='ocrx_word' id='word_1_4' title='bbox 1574 139 1622 176; x_wconf 84' lang='lat'>39</span> 
     </span>
    </p>
   </div>
   <div class='ocr_carea' id='block_1_2' title="bbox 103 254 1625 842">
    <p class='ocr_par' dir='ltr' id='par_1_2' title="bbox 103 254 1625 842">
     <span class='ocr_line' id='line_1_2' title="bbox 104 254 1624 307; baseline 0.002 -13"><span class='ocrx_word' id='word_1_5' title='bbox 104 254 171 294; x_wconf 82' lang='grc'>96.</span> <span class='ocrx_word' id='word_1_6' title='bbox 205 256 360 299; x_wconf 80' lang='lat' dir='ltr'>Rebus.</span> <span class='ocrx_word' id='word_1_7' title='bbox 397 263 440 294; x_wconf 92' lang='lat' dir='ltr'>ut</span> <span class='ocrx_word' id='word_1_8' title='bbox 476 258 649 293; x_wconf 77' lang='lat' dir='ltr'>‘contra</span> <span class='ocrx_word' id='word_1_9' title='bbox 683 255 895 294; x_wconf 86' lang='lat' dir='ltr'>stimulum</span> <span class='ocrx_word' id='word_1_10' title='bbox 929 257 1097 302; x_wconf 81' lang='lat' dir='ltr'>calces,&#39;</span> <span class='ocrx_word' id='word_1_11' title='bbox 1131 260 1227 296; x_wconf 89' lang='lat' dir='ltr'>dum</span> <span class='ocrx_word' id='word_1_12' title='bbox 1262 258 1521 307; x_wconf 80' lang='lat' dir='ltr'>significatur</span> <span class='ocrx_word' id='word_1_13' title='bbox 1554 261 1624 297; x_wconf 87' lang='lat' dir='ltr'>ad·</span> 
     </span>
     <span class='ocr_line' id='line_1_3' title="bbox 106 321 1620 374; baseline 0.001 -13"><span class='ocrx_word' id='word_1_14' title='bbox 106 323 239 361; x_wconf 87' lang='lat' dir='ltr'>versis</span> <span class='ocrx_word' id='word_1_15' title='bbox 276 321 566 361; x_wconf 88' lang='lat' dir='ltr'>resistendum.</span> <span class='ocrx_word' id='word_1_16' title='bbox 664 321 730 360; x_wconf 82' lang='lat'>97.</span> <span class='ocrx_word' id='word_1_17' title='bbox 763 322 1054 372; x_wconf 82' lang='lat' dir='ltr'>Temporibus,</span> <span class='ocrx_word' id='word_1_18' title='bbox 1097 334 1139 362; x_wconf 86' lang='lat' dir='ltr'>ut</span> <span class='ocrx_word' id='word_1_19' title='bbox 1181 326 1331 374; x_wconf 77' lang='lat' dir='ltr'>‘lupus</span> <span class='ocrx_word' id='word_1_20' title='bbox 1371 327 1407 363; x_wconf 90' lang='lat' dir='ltr'>in</span> <span class='ocrx_word' id='word_1_21' title='bbox 1448 326 1620 364; x_wconf 58' lang='lat' dir='ltr'>sabula)</span> 
     </span>
     <span class='ocr_line' id='line_1_4' title="bbox 106 389 1625 441; baseline -0.002 -11"><span class='ocrx_word' id='word_1_22' title='bbox 106 392 231 430; x_wconf 72' lang='lat' dir='ltr'>Aiunt</span> <span class='ocrx_word' id='word_1_23' title='bbox 259 390 369 429; x_wconf 89' lang='lat' dir='ltr'>enim</span> <span class='ocrx_word' id='word_1_24' title='bbox 398 390 539 428; x_wconf 84' lang='lat' dir='ltr'>rustici</span> <span class='ocrx_word' id='word_1_25' title='bbox 570 402 713 426; x_wconf 76' lang='lat' dir='ltr'>vocem</span> <span class='ocrx_word' id='word_1_26' title='bbox 744 389 950 427; x_wconf 79' lang='lat' dir='ltr'>hominem</span> <span class='ocrx_word' id='word_1_27' title='bbox 982 392 1150 439; x_wconf 77' lang='lat' dir='ltr'>perdere</span> <span class='ocrx_word' id='word_1_28' title='bbox 1180 393 1212 429; x_wconf 73' lang='lat' dir='ltr'>si</span> <span class='ocrx_word' id='word_1_29' title='bbox 1243 406 1334 430; x_wconf 76' lang='lat' dir='ltr'>cum</span> <span class='ocrx_word' id='word_1_30' title='bbox 1367 395 1486 441; x_wconf 79' lang='lat' dir='ltr'>lupus</span> <span class='ocrx_word' id='word_1_31' title='bbox 1515 392 1625 441; x_wconf 88' lang='lat' dir='ltr'>prior</span> 
     </span>
     <span class='ocr_line' id='line_1_5' title="bbox 106 457 1623 509; baseline -0.001 -13"><span class='ocrx_word' id='word_1_32' title='bbox 106 458 278 504; x_wconf 85' lang='lat' dir='ltr'>viderit;</span> <span class='ocrx_word' id='word_1_33' title='bbox 322 459 430 495; x_wconf 92' lang='lat' dir='ltr'>unde</span> <span class='ocrx_word' id='word_1_34' title='bbox 458 464 498 494; x_wconf 88' lang='lat' dir='ltr'>et</span> <span class='ocrx_word' id='word_1_35' title='bbox 528 470 655 506; x_wconf 91' lang='lat' dir='ltr'>quum</span> <span class='ocrx_word' id='word_1_36' title='bbox 688 457 828 494; x_wconf 80' lang='lat' dir='ltr'>subito</span> <span class='ocrx_word' id='word_1_37' title='bbox 857 459 1008 495; x_wconf 75' lang='lat' dir='ltr'>tacenti</span> <span class='ocrx_word' id='word_1_38' title='bbox 1039 458 1188 495; x_wconf 71' lang='lat' dir='ltr'>(licitur</span> <span class='ocrx_word' id='word_1_39' title='bbox 1221 460 1327 497; x_wconf 67' lang='lat' dir='ltr'>istud</span> <span class='ocrx_word' id='word_1_40' title='bbox 1361 459 1623 509; x_wconf 68' lang='lat' dir='ltr'>proverbium</span> 
     </span>
     <span class='ocr_line' id='line_1_6' title="bbox 107 521 1619 576; baseline -0.001 -13"><span class='ocrx_word' id='word_1_41' title='bbox 107 526 259 576; x_wconf 82' lang='lat' dir='ltr'>‘lupus</span> <span class='ocrx_word' id='word_1_42' title='bbox 292 524 330 562; x_wconf 87' lang='lat' dir='ltr'>in</span> <span class='ocrx_word' id='word_1_43' title='bbox 367 524 536 562; x_wconf 84' lang='lat' dir='ltr'>sabula.&#39;</span> <span class='ocrx_word' id='word_1_44' title='bbox 596 521 662 560; x_wconf 88' lang='grc'>98.</span> <span class='ocrx_word' id='word_1_45' title='bbox 700 524 800 561; x_wconf 80' lang='lat' dir='ltr'>ltcm</span> <span class='ocrx_word' id='word_1_46' title='bbox 837 525 874 561; x_wconf 91' lang='lat' dir='ltr'>in</span> <span class='ocrx_word' id='word_1_47' title='bbox 913 525 1118 573; x_wconf 83' lang='lat' dir='ltr'>Propheta</span> <span class='ocrx_word' id='word_1_48' title='bbox 1155 526 1418 574; x_wconf 72' lang='lat' dir='ltr'>proverbium</span> <span class='ocrx_word' id='word_1_49' title='bbox 1453 528 1619 575; x_wconf 60' lang='lat' dir='ltr'>(Enoch.</span> 
     </span>
     <span class='ocr_line' id='line_1_7' title="bbox 106 588 1624 643; baseline -0.001 -12"><span class='ocrx_word' id='word_1_50' title='bbox 106 594 170 642; x_wconf 87' lang='lat'>16,</span> <span class='ocrx_word' id='word_1_51' title='bbox 203 592 269 643; x_wconf 86' lang='lat'>44)</span> <span class='ocrx_word' id='word_1_52' title='bbox 305 591 440 629; x_wconf 84' lang='lat' dir='ltr'>‘sicut</span> <span class='ocrx_word' id='word_1_53' title='bbox 473 598 620 636; x_wconf 85' lang='lat' dir='ltr'>mater,</span> <span class='ocrx_word' id='word_1_54' title='bbox 654 598 693 628; x_wconf 87' lang='lat' dir='ltr'>et</span> <span class='ocrx_word' id='word_1_55' title='bbox 727 590 840 628; x_wconf 56' lang='lat' dir='ltr'>filia!</span> <span class='ocrx_word' id='word_1_56' title='bbox 902 588 968 628; x_wconf 88' lang='lat'>99.</span> <span class='ocrx_word' id='word_1_57' title='bbox 1003 593 1247 629; x_wconf 66' lang='lat' dir='ltr'>Sarcasmos</span> <span class='ocrx_word' id='word_1_58' title='bbox 1281 601 1340 630; x_wconf 68' lang='lat' dir='ltr'>est</span> <span class='ocrx_word' id='word_1_59' title='bbox 1377 593 1496 642; x_wconf 82' lang='lat' dir='ltr'>plena</span> <span class='ocrx_word' id='word_1_60' title='bbox 1530 592 1624 630; x_wconf 87' lang='lat' dir='ltr'>odio</span> 
     </span>
     <span class='ocr_line' id='line_1_8' title="bbox 103 658 1624 710; baseline 0 -12"><span class='ocrx_word' id='word_1_61' title='bbox 103 668 230 710; x_wconf 89' lang='lat' dir='ltr'>atque</span> <span class='ocrx_word' id='word_1_62' title='bbox 265 658 430 698; x_wconf 87' lang='lat' dir='ltr'>hostilis</span> <span class='ocrx_word' id='word_1_63' title='bbox 463 658 621 705; x_wconf 89' lang='lat' dir='ltr'>inrisio,</span> <span class='ocrx_word' id='word_1_64' title='bbox 660 666 704 697; x_wconf 91' lang='lat' dir='ltr'>ut</span> <span class='ocrx_word' id='word_1_65' title='bbox 739 658 858 708; x_wconf 78' lang='lat' dir='ltr'>(Aen.</span> <span class='ocrx_word' id='word_1_66' title='bbox 902 659 963 706; x_wconf 82' lang='lat'>12,</span> <span class='ocrx_word' id='word_1_67' title='bbox 1002 659 1093 709; x_wconf 87' lang='lat'>360)</span> <span class='ocrx_word' id='word_1_68' title='bbox 1132 661 1209 696; x_wconf 83' lang='lat' dir='ltr'>‘en</span> <span class='ocrx_word' id='word_1_69' title='bbox 1244 672 1371 708; x_wconf 84' lang='lat' dir='ltr'>agros</span> <span class='ocrx_word' id='word_1_70' title='bbox 1405 667 1460 707; x_wconf 87' lang='lat' dir='ltr'>et,</span> <span class='ocrx_word' id='word_1_71' title='bbox 1498 672 1624 709; x_wconf 90' lang='lat' dir='ltr'>quam</span> 
     </span>
     <span class='ocr_line' id='line_1_9' title="bbox 103 725 1625 776; baseline -0.002 -10"><span class='ocrx_word' id='word_1_72' title='bbox 103 728 223 774; x_wconf 86' lang='lat' dir='ltr'>bello,</span> <span class='ocrx_word' id='word_1_73' title='bbox 265 725 458 774; x_wconf 89' lang='lat' dir='ltr'>Troiane,</span> <span class='ocrx_word' id='word_1_74' title='bbox 499 725 656 776; x_wconf 89' lang='lat' dir='ltr'>petisti,</span> <span class='ocrx_word' id='word_1_75' title='bbox 700 725 947 774; x_wconf 78' lang='lat' dir='ltr'>Hesperiam</span> <span class='ocrx_word' id='word_1_76' title='bbox 989 725 1133 763; x_wconf 91' lang='lat' dir='ltr'>metire</span> <span class='ocrx_word' id='word_1_77' title='bbox 1173 726 1342 764; x_wconf 85' lang='lat' dir='ltr'>iacens.&#39;</span> <span class='ocrx_word' id='word_1_78' title='bbox 1404 725 1495 763; x_wconf 91' lang='grc'><strong>100.</strong></span> <span class='ocrx_word' id='word_1_79' title='bbox 1530 727 1625 763; x_wconf 84' lang='lat' dir='ltr'>Sar-</span> 
     </span>
     <span class='ocr_line' id='line_1_10' title="bbox 103 791 1620 842; baseline -0.002 -9"><span class='ocrx_word' id='word_1_80' title='bbox 103 807 270 834; x_wconf 86' lang='lat' dir='ltr'>casmos</span> <span class='ocrx_word' id='word_1_81' title='bbox 291 794 403 833; x_wconf 87' lang='lat' dir='ltr'>dicta</span> <span class='ocrx_word' id='word_1_82' title='bbox 427 792 590 831; x_wconf 87' lang='lat' dir='ltr'>hostilis</span> <span class='ocrx_word' id='word_1_83' title='bbox 616 791 760 830; x_wconf 89' lang='lat' dir='ltr'>inrisio</span> <span class='ocrx_word' id='word_1_84' title='bbox 780 806 874 830; x_wconf 91' lang='lat' dir='ltr'>cum</span> <span class='ocrx_word' id='word_1_85' title='bbox 899 793 1190 841; x_wconf 77' lang='lat' dir='ltr'>amaritudine,</span> <span class='ocrx_word' id='word_1_86' title='bbox 1217 801 1260 831; x_wconf 92' lang='lat' dir='ltr'>ut</span> <span class='ocrx_word' id='word_1_87' title='bbox 1287 794 1404 840; x_wconf 78' lang='lat' dir='ltr'>(Aen.</span> <span class='ocrx_word' id='word_1_88' title='bbox 1435 794 1472 841; x_wconf 83' lang='lat'>2,</span> <span class='ocrx_word' id='word_1_89' title='bbox 1501 793 1590 842; x_wconf 75' lang='lat'>547)</span> <span class='ocrx_word' id='word_1_90' title='bbox 1613 807 1620 830; x_wconf 93' lang='lat'>:</span> 
     </span>
    </p>
   </div>
   <div class='ocr_carea' id='block_1_3' title="bbox 264 875 1462 1062">
    <p class='ocr_par' dir='ltr' id='par_1_3' title="bbox 264 875 1462 1062">
     <span class='ocr_line' id='line_1_11' title="bbox 264 875 1046 927; baseline -0.003 -12"><span class='ocrx_word' id='word_1_91' title='bbox 264 878 419 916; x_wconf 81' lang='lat' dir='ltr'>referes</span> <span class='ocrx_word' id='word_1_92' title='bbox 445 889 550 927; x_wconf 89' lang='lat' dir='ltr'>ergo</span> <span class='ocrx_word' id='word_1_93' title='bbox 576 877 678 914; x_wconf 89' lang='lat' dir='ltr'>haec</span> <span class='ocrx_word' id='word_1_94' title='bbox 703 882 743 913; x_wconf 86' lang='lat' dir='ltr'>et</span> <span class='ocrx_word' id='word_1_95' title='bbox 772 875 943 914; x_wconf 87' lang='lat' dir='ltr'>nuntius</span> <span class='ocrx_word' id='word_1_96' title='bbox 971 876 1046 914; x_wconf 83' lang='lat' dir='ltr'>ibis</span> 
     </span>
     <span class='ocr_line' id='line_1_12' title="bbox 267 941 1462 995; baseline -0.002 -12"><span class='ocrx_word' id='word_1_97' title='bbox 267 945 433 983; x_wconf 84' lang='lat' dir='ltr'>Pelidae</span> <span class='ocrx_word' id='word_1_98' title='bbox 455 942 651 995; x_wconf 84' lang='lat' dir='ltr'>genitori,</span> <span class='ocrx_word' id='word_1_99' title='bbox 679 943 732 981; x_wconf 91' lang='lat' dir='ltr'>illi</span> <span class='ocrx_word' id='word_1_100' title='bbox 758 955 847 980; x_wconf 87' lang='lat' dir='ltr'>mea</span> <span class='ocrx_word' id='word_1_101' title='bbox 873 941 1006 981; x_wconf 83' lang='lat' dir='ltr'>tristia</span> <span class='ocrx_word' id='word_1_102' title='bbox 1035 946 1144 982; x_wconf 81' lang='lat' dir='ltr'>facta</span> <span class='ocrx_word' id='word_1_103' title='bbox 1169 943 1225 992; x_wconf 88' lang='lat' dir='ltr'>(id</span> <span class='ocrx_word' id='word_1_104' title='bbox 1250 952 1312 982; x_wconf 80' lang='lat' dir='ltr'>cst</span> <span class='ocrx_word' id='word_1_105' title='bbox 1337 944 1462 989; x_wconf 81' lang='lat' dir='ltr'>dicta)</span> 
     </span>
     <span class='ocr_line' id='line_1_13' title="bbox 264 1010 1390 1062; baseline -0.002 -12"><span class='ocrx_word' id='word_1_106' title='bbox 264 1013 599 1062; x_wconf 85' lang='lat' dir='ltr'>degeneremque</span> <span class='ocrx_word' id='word_1_107' title='bbox 627 1010 947 1060; x_wconf 83' lang='lat' dir='ltr'>Neoptolemum</span> <span class='ocrx_word' id='word_1_108' title='bbox 976 1023 1144 1048; x_wconf 86' lang='lat' dir='ltr'>narrare</span> <span class='ocrx_word' id='word_1_109' title='bbox 1172 1019 1390 1048; x_wconf 88' lang='lat' dir='ltr'>memento.</span> 
     </span>
    </p>
   </div>
   <div class='ocr_carea' id='block_1_4' title="bbox 99 1098 1626 1692">
    <p class='ocr_par' dir='ltr' id='par_1_4' title="bbox 99 1098 1626 1692">
     <span class='ocr_line' id='line_1_14' title="bbox 103 1098 1619 1151; baseline 0 -13"><span class='ocrx_word' id='word_1_110' title='bbox 103 1098 195 1138; x_wconf 84' lang='lat'>101.</span> <span class='ocrx_word' id='word_1_111' title='bbox 228 1101 438 1141; x_wconf 86' lang='lat' dir='ltr'>Astismos</span> <span class='ocrx_word' id='word_1_112' title='bbox 489 1109 553 1140; x_wconf 88' lang='lat' dir='ltr'>est</span> <span class='ocrx_word' id='word_1_113' title='bbox 602 1109 748 1151; x_wconf 90' lang='lat' dir='ltr'>tropus</span> <span class='ocrx_word' id='word_1_114' title='bbox 798 1102 1011 1151; x_wconf 80' lang='lat' dir='ltr'>multiplex</span> <span class='ocrx_word' id='word_1_115' title='bbox 1062 1115 1390 1151; x_wconf 84' lang='lat' dir='ltr'>numerosaeque</span> <span class='ocrx_word' id='word_1_116' title='bbox 1440 1102 1619 1140; x_wconf 79' lang='lat' dir='ltr'>virtutis.</span> 
     </span>
     <span class='ocr_line' id='line_1_15' title="bbox 105 1168 1626 1220; baseline 0.001 -15"><span class='ocrx_word' id='word_1_117' title='bbox 105 1168 299 1218; x_wconf 85' lang='lat' dir='ltr'>Namque</span> <span class='ocrx_word' id='word_1_118' title='bbox 327 1169 526 1207; x_wconf 86' lang='lat' dir='ltr'>astismos</span> <span class='ocrx_word' id='word_1_119' title='bbox 558 1176 730 1219; x_wconf 88' lang='lat' dir='ltr'>putatur</span> <span class='ocrx_word' id='word_1_120' title='bbox 760 1170 915 1208; x_wconf 87' lang='lat' dir='ltr'>dictum</span> <span class='ocrx_word' id='word_1_121' title='bbox 948 1183 1069 1207; x_wconf 92' lang='lat' dir='ltr'>omne</span> <span class='ocrx_word' id='word_1_122' title='bbox 1100 1173 1209 1220; x_wconf 91' lang='lat' dir='ltr'>quod</span> <span class='ocrx_word' id='word_1_123' title='bbox 1242 1170 1504 1220; x_wconf 88' lang='lat' dir='ltr'>simplicitate</span> <span class='ocrx_word' id='word_1_124' title='bbox 1538 1182 1626 1206; x_wconf 90' lang='lat' dir='ltr'>rus-</span> 
     </span>
     <span class='ocr_line' id='line_1_16' title="bbox 103 1234 1623 1285; baseline 0.001 -12"><span class='ocrx_word' id='word_1_125' title='bbox 103 1234 184 1274; x_wconf 90' lang='lat' dir='ltr'>tica</span> <span class='ocrx_word' id='word_1_126' title='bbox 207 1243 321 1274; x_wconf 92' lang='lat' dir='ltr'>caret</span> <span class='ocrx_word' id='word_1_127' title='bbox 344 1243 385 1273; x_wconf 91' lang='lat' dir='ltr'>et</span> <span class='ocrx_word' id='word_1_128' title='bbox 410 1236 546 1274; x_wconf 82' lang='lat' dir='ltr'>faceta</span> <span class='ocrx_word' id='word_1_129' title='bbox 571 1236 674 1274; x_wconf 88' lang='lat' dir='ltr'>satis</span> <span class='ocrx_word' id='word_1_130' title='bbox 699 1236 937 1275; x_wconf 81' lang='lat' dir='ltr'>urbanitate</span> <span class='ocrx_word' id='word_1_131' title='bbox 961 1244 1024 1274; x_wconf 88' lang='lat' dir='ltr'>est</span> <span class='ocrx_word' id='word_1_132' title='bbox 1049 1237 1290 1285; x_wconf 77' lang='lat' dir='ltr'>expolitum.</span> <span class='ocrx_word' id='word_1_133' title='bbox 1357 1238 1411 1274; x_wconf 89' lang='lat' dir='ltr'>Ut</span> <span class='ocrx_word' id='word_1_134' title='bbox 1437 1245 1500 1275; x_wconf 81' lang='lat' dir='ltr'>est</span> <span class='ocrx_word' id='word_1_135' title='bbox 1528 1238 1623 1275; x_wconf 85' lang='lat' dir='ltr'>illud</span> 
     </span>
     <span class='ocr_line' id='line_1_17' title="bbox 103 1302 1619 1353; baseline -0.001 -13"><span class='ocrx_word' id='word_1_136' title='bbox 103 1302 206 1352; x_wconf 87' lang='lat' dir='ltr'>(Ecl.</span> <span class='ocrx_word' id='word_1_137' title='bbox 243 1304 280 1353; x_wconf 87' lang='lat'>3,</span> <span class='ocrx_word' id='word_1_138' title='bbox 314 1303 379 1353; x_wconf 90' lang='grc'>90)</span> <span class='ocrx_word' id='word_1_139' title='bbox 415 1305 512 1353; x_wconf 91' lang='lat' dir='ltr'>‘qui</span> <span class='ocrx_word' id='word_1_140' title='bbox 547 1304 720 1342; x_wconf 88' lang='lat' dir='ltr'>Bavium</span> <span class='ocrx_word' id='word_1_141' title='bbox 754 1317 835 1342; x_wconf 93' lang='lat' dir='ltr'>non</span> <span class='ocrx_word' id='word_1_142' title='bbox 868 1304 954 1341; x_wconf 90' lang='lat' dir='ltr'>odit</span> <span class='ocrx_word' id='word_1_143' title='bbox 987 1312 1097 1342; x_wconf 87' lang='lat' dir='ltr'>amet</span> <span class='ocrx_word' id='word_1_144' title='bbox 1130 1311 1199 1342; x_wconf 87' lang='lat' dir='ltr'>tua</span> <span class='ocrx_word' id='word_1_145' title='bbox 1232 1304 1430 1352; x_wconf 88' lang='lat' dir='ltr'>carmina,</span> <span class='ocrx_word' id='word_1_146' title='bbox 1466 1303 1619 1349; x_wconf 79' lang='lat' dir='ltr'>Maevi,</span> 
     </span>
     <span class='ocr_line' id='line_1_18' title="bbox 100 1369 1622 1421; baseline -0.001 -13"><span class='ocrx_word' id='word_1_147' title='bbox 100 1377 226 1420; x_wconf 90' lang='lat' dir='ltr'>atque</span> <span class='ocrx_word' id='word_1_148' title='bbox 258 1370 366 1408; x_wconf 89' lang='lat' dir='ltr'>idem</span> <span class='ocrx_word' id='word_1_149' title='bbox 399 1370 546 1421; x_wconf 88' lang='lat' dir='ltr'>iungat</span> <span class='ocrx_word' id='word_1_150' title='bbox 577 1372 722 1420; x_wconf 84' lang='lat' dir='ltr'>vulpes</span> <span class='ocrx_word' id='word_1_151' title='bbox 753 1380 793 1409; x_wconf 88' lang='lat' dir='ltr'>et</span> <span class='ocrx_word' id='word_1_152' title='bbox 826 1373 1012 1420; x_wconf 82' lang='lat' dir='ltr'>mulgeat</span> <span class='ocrx_word' id='word_1_153' title='bbox 1044 1372 1211 1408; x_wconf 54' lang='lat' dir='ltr'>hircos)</span> <span class='ocrx_word' id='word_1_154' title='bbox 1289 1369 1379 1407; x_wconf 79' lang='lat'>102.</span> <span class='ocrx_word' id='word_1_155' title='bbox 1414 1370 1622 1408; x_wconf 79' lang='lat' dir='ltr'>Astismos</span> 
     </span>
     <span class='ocr_line' id='line_1_19' title="bbox 99 1437 1623 1488; baseline -0.001 -12"><span class='ocrx_word' id='word_1_156' title='bbox 99 1437 336 1476; x_wconf 84' lang='lat' dir='ltr'>contrarius</span> <span class='ocrx_word' id='word_1_157' title='bbox 367 1444 431 1476; x_wconf 91' lang='lat' dir='ltr'>est</span> <span class='ocrx_word' id='word_1_158' title='bbox 464 1451 693 1485; x_wconf 88' lang='lat' dir='ltr'>sarcasm0‚</span> <span class='ocrx_word' id='word_1_159' title='bbox 729 1452 781 1476; x_wconf 91' lang='lat' dir='ltr'>eo</span> <span class='ocrx_word' id='word_1_160' title='bbox 811 1442 921 1488; x_wconf 89' lang='lat' dir='ltr'>quod</span> <span class='ocrx_word' id='word_1_161' title='bbox 956 1438 1153 1477; x_wconf 81' lang='lat' dir='ltr'>astismos</span> <span class='ocrx_word' id='word_1_162' title='bbox 1188 1438 1403 1476; x_wconf 84' lang='lat' dir='ltr'>urbanitas</span> <span class='ocrx_word' id='word_1_163' title='bbox 1437 1446 1501 1476; x_wconf 92' lang='lat' dir='ltr'>est</span> <span class='ocrx_word' id='word_1_164' title='bbox 1536 1438 1623 1476; x_wconf 92' lang='lat' dir='ltr'>sine</span> 
     </span>
     <span class='ocr_line' id='line_1_20' title="bbox 103 1504 1624 1556; baseline 0 -14"><span class='ocrx_word' id='word_1_165' title='bbox 103 1504 331 1555; x_wconf 85' lang='lat' dir='ltr'>iracundia,</span> <span class='ocrx_word' id='word_1_166' title='bbox 370 1512 415 1544; x_wconf 92' lang='lat' dir='ltr'>ut</span> <span class='ocrx_word' id='word_1_167' title='bbox 453 1504 550 1544; x_wconf 88' lang='lat' dir='ltr'>illud</span> <span class='ocrx_word' id='word_1_168' title='bbox 588 1505 692 1556; x_wconf 88' lang='lat' dir='ltr'>(Ecl.</span> <span class='ocrx_word' id='word_1_169' title='bbox 736 1506 773 1555; x_wconf 88' lang='lat'>3,</span> <span class='ocrx_word' id='word_1_170' title='bbox 814 1505 878 1555; x_wconf 87' lang='lat'>90)</span> <span class='ocrx_word' id='word_1_171' title='bbox 920 1507 1017 1554; x_wconf 88' lang='lat' dir='ltr'>‘qui</span> <span class='ocrx_word' id='word_1_172' title='bbox 1058 1505 1232 1543; x_wconf 85' lang='lat' dir='ltr'>Bavium</span> <span class='ocrx_word' id='word_1_173' title='bbox 1271 1518 1351 1543; x_wconf 93' lang='lat' dir='ltr'>non</span> <span class='ocrx_word' id='word_1_174' title='bbox 1388 1505 1475 1543; x_wconf 91' lang='lat' dir='ltr'>odit</span> <span class='ocrx_word' id='word_1_175' title='bbox 1513 1511 1624 1542; x_wconf 87' lang='lat' dir='ltr'>amet</span> 
     </span>
     <span class='ocr_line' id='line_1_21' title="bbox 105 1571 1624 1621; baseline -0.001 -11"><span class='ocrx_word' id='word_1_176' title='bbox 105 1579 177 1610; x_wconf 90' lang='lat' dir='ltr'>tua</span> <span class='ocrx_word' id='word_1_177' title='bbox 204 1571 404 1619; x_wconf 89' lang='lat' dir='ltr'>carmina,</span> <span class='ocrx_word' id='word_1_178' title='bbox 436 1572 589 1618; x_wconf 83' lang='lat' dir='ltr'>Maevi,</span> <span class='ocrx_word' id='word_1_179' title='bbox 621 1579 747 1621; x_wconf 89' lang='lat' dir='ltr'>atque</span> <span class='ocrx_word' id='word_1_180' title='bbox 776 1573 882 1610; x_wconf 90' lang='lat' dir='ltr'>idem</span> <span class='ocrx_word' id='word_1_181' title='bbox 913 1573 1059 1621; x_wconf 88' lang='lat' dir='ltr'>iungat</span> <span class='ocrx_word' id='word_1_182' title='bbox 1088 1573 1232 1621; x_wconf 74' lang='lat' dir='ltr'>vulpes</span> <span class='ocrx_word' id='word_1_183' title='bbox 1260 1581 1298 1611; x_wconf 93' lang='lat' dir='ltr'>et</span> <span class='ocrx_word' id='word_1_184' title='bbox 1329 1573 1514 1621; x_wconf 82' lang='lat' dir='ltr'>mulgeat</span> <span class='ocrx_word' id='word_1_185' title='bbox 1543 1571 1624 1608; x_wconf 89' lang='lat' dir='ltr'>hir-</span> 
     </span>
     <span class='ocr_line' id='line_1_22' title="bbox 100 1641 1622 1692; baseline -0.001 -11"><span class='ocrx_word' id='word_1_186' title='bbox 100 1643 205 1681; x_wconf 87' lang='lat' dir='ltr'>cos.’</span> <span class='ocrx_word' id='word_1_187' title='bbox 267 1643 314 1681; x_wconf 92' lang='lat' dir='ltr'>Id</span> <span class='ocrx_word' id='word_1_188' title='bbox 344 1649 408 1681; x_wconf 89' lang='lat' dir='ltr'>est</span> <span class='ocrx_word' id='word_1_189' title='bbox 439 1642 508 1692; x_wconf 90' lang='lat' dir='ltr'>qui</span> <span class='ocrx_word' id='word_1_190' title='bbox 544 1642 719 1681; x_wconf 89' lang='lat' dir='ltr'>Bavium</span> <span class='ocrx_word' id='word_1_191' title='bbox 753 1656 832 1680; x_wconf 92' lang='lat' dir='ltr'>non</span> <span class='ocrx_word' id='word_1_192' title='bbox 867 1643 953 1680; x_wconf 90' lang='lat' dir='ltr'>odit</span> <span class='ocrx_word' id='word_1_193' title='bbox 986 1655 1062 1691; x_wconf 91' lang='lat' dir='ltr'>pro</span> <span class='ocrx_word' id='word_1_194' title='bbox 1093 1654 1226 1692; x_wconf 89' lang='lat' dir='ltr'>poena</span> <span class='ocrx_word' id='word_1_195' title='bbox 1260 1643 1294 1680; x_wconf 85' lang='lat' dir='ltr'>ei</span> <span class='ocrx_word' id='word_1_196' title='bbox 1328 1641 1546 1691; x_wconf 85' lang='lat' dir='ltr'>contingat</span> <span class='ocrx_word' id='word_1_197' title='bbox 1579 1649 1622 1680; x_wconf 85' lang='lat' dir='ltr'>ut</span> 
     </span>
    </p>
   </div>
   <div class='ocr_carea' id='block_1_5' title="bbox 99 1707 1625 1893">
    <p class='ocr_par' dir='ltr' id='par_1_5' title="bbox 99 1707 1625 1893">
     <span class='ocr_line' id='line_1_23' title="bbox 99 1707 1623 1760; baseline -0.002 -12"><span class='ocrx_word' id='word_1_198' title='bbox 99 1709 248 1760; x_wconf 89' lang='lat' dir='ltr'>diligat</span> <span class='ocrx_word' id='word_1_199' title='bbox 286 1708 512 1748; x_wconf 89' lang='lat' dir='ltr'>Maevium.</span> <span class='ocrx_word' id='word_1_200' title='bbox 607 1711 791 1748; x_wconf 90' lang='lat' dir='ltr'>Fuerunt</span> <span class='ocrx_word' id='word_1_201' title='bbox 829 1710 937 1747; x_wconf 89' lang='lat' dir='ltr'>enim</span> <span class='ocrx_word' id='word_1_202' title='bbox 977 1708 1168 1748; x_wconf 80' lang='lat' dir='ltr'>Maevius</span> <span class='ocrx_word' id='word_1_203' title='bbox 1205 1716 1244 1746; x_wconf 89' lang='lat' dir='ltr'>et</span> <span class='ocrx_word' id='word_1_204' title='bbox 1283 1707 1437 1747; x_wconf 82' lang='lat' dir='ltr'>Bavius</span> <span class='ocrx_word' id='word_1_205' title='bbox 1475 1715 1623 1758; x_wconf 89' lang='lat' dir='ltr'>poetae</span> 
     </span>
     <span class='ocr_line' id='line_1_24' title="bbox 101 1774 1625 1828; baseline -0.002 -13"><span class='ocrx_word' id='word_1_206' title='bbox 101 1777 270 1828; x_wconf 86' lang='lat' dir='ltr'>pessimi</span> <span class='ocrx_word' id='word_1_207' title='bbox 304 1783 345 1815; x_wconf 88' lang='lat' dir='ltr'>et</span> <span class='ocrx_word' id='word_1_208' title='bbox 379 1776 531 1816; x_wconf 88' lang='lat' dir='ltr'>inimici</span> <span class='ocrx_word' id='word_1_209' title='bbox 567 1777 756 1827; x_wconf 85' lang='lat' dir='ltr'>Vergilii.</span> <span class='ocrx_word' id='word_1_210' title='bbox 820 1776 901 1826; x_wconf 79' lang='lat' dir='ltr'>Qui</span> <span class='ocrx_word' id='word_1_211' title='bbox 937 1778 1012 1814; x_wconf 84' lang='lat' dir='ltr'>hos</span> <span class='ocrx_word' id='word_1_212' title='bbox 1047 1788 1150 1826; x_wconf 89' lang='lat' dir='ltr'>ergo</span> <span class='ocrx_word' id='word_1_213' title='bbox 1184 1774 1319 1825; x_wconf 84' lang='lat' dir='ltr'>diligit</span> <span class='ocrx_word' id='word_1_214' title='bbox 1355 1774 1482 1813; x_wconf 85' lang='lat' dir='ltr'>faciat</span> <span class='ocrx_word' id='word_1_215' title='bbox 1516 1787 1625 1824; x_wconf 88' lang='lat' dir='ltr'>quae</span> 
     </span>
     <span class='ocr_line' id='line_1_25' title="bbox 99 1841 1618 1893; baseline -0.003 -9"><span class='ocrx_word' id='word_1_216' title='bbox 99 1851 245 1884; x_wconf 86' lang='lat' dir='ltr'>eontra</span> <span class='ocrx_word' id='word_1_217' title='bbox 297 1852 490 1883; x_wconf 86' lang='lat' dir='ltr'>naturam</span> <span class='ocrx_word' id='word_1_218' title='bbox 544 1851 668 1882; x_wconf 90' lang='lat' dir='ltr'>sunt:</span> <span class='ocrx_word' id='word_1_219' title='bbox 741 1844 887 1893; x_wconf 89' lang='lat' dir='ltr'>iungat</span> <span class='ocrx_word' id='word_1_220' title='bbox 939 1843 1084 1892; x_wconf 89' lang='lat' dir='ltr'>vulpes</span> <span class='ocrx_word' id='word_1_221' title='bbox 1135 1850 1176 1880; x_wconf 90' lang='lat' dir='ltr'>et</span> <span class='ocrx_word' id='word_1_222' title='bbox 1230 1843 1415 1891; x_wconf 86' lang='lat' dir='ltr'>mulgeat</span> <span class='ocrx_word' id='word_1_223' title='bbox 1468 1841 1618 1879; x_wconf 91' lang='lat' dir='ltr'>hircos.</span> 
     </span>
    </p>
   </div>
   <div class='ocr_carea' id='block_1_6' title="bbox 98 1909 1623 2431">
    <p class='ocr_par' dir='ltr' id='par_1_6' title="bbox 98 1909 1623 2431">
     <span class='ocr_line' id='line_1_26' title="bbox 99 1909 1622 1959; baseline -0.003 -9"><span class='ocrx_word' id='word_1_224' title='bbox 99 1909 193 1950; x_wconf 87' lang='grc'><strong>103.</strong></span> <span class='ocrx_word' id='word_1_225' title='bbox 227 1912 484 1950; x_wconf 90' lang='lat' dir='ltr'>Homoeosis</span> <span class='ocrx_word' id='word_1_226' title='bbox 505 1918 568 1949; x_wconf 90' lang='lat' dir='ltr'>est</span> <span class='ocrx_word' id='word_1_227' title='bbox 590 1911 727 1950; x_wconf 90' lang='lat' dir='ltr'>minus</span> <span class='ocrx_word' id='word_1_228' title='bbox 751 1919 876 1949; x_wconf 87' lang='lat' dir='ltr'>notae</span> <span class='ocrx_word' id='word_1_229' title='bbox 899 1911 953 1947; x_wconf 89' lang='lat' dir='ltr'>rei</span> <span class='ocrx_word' id='word_1_230' title='bbox 978 1923 1051 1959; x_wconf 86' lang='lat' dir='ltr'>per</span> <span class='ocrx_word' id='word_1_231' title='bbox 1072 1909 1380 1948; x_wconf 88' lang='lat' dir='ltr'>similitudinem</span> <span class='ocrx_word' id='word_1_232' title='bbox 1405 1909 1494 1948; x_wconf 89' lang='lat' dir='ltr'>eius</span> <span class='ocrx_word' id='word_1_233' title='bbox 1516 1921 1622 1959; x_wconf 88' lang='lat' dir='ltr'>quae</span> 
     </span>
     <span class='ocr_line' id='line_1_27' title="bbox 100 1976 1619 2030; baseline -0.004 -12"><span class='ocrx_word' id='word_1_234' title='bbox 100 1979 240 2030; x_wconf 84' lang='lat' dir='ltr'>magis</span> <span class='ocrx_word' id='word_1_235' title='bbox 268 1986 368 2017; x_wconf 91' lang='lat' dir='ltr'>nota</span> <span class='ocrx_word' id='word_1_236' title='bbox 398 1986 462 2017; x_wconf 87' lang='lat' dir='ltr'>est</span> <span class='ocrx_word' id='word_1_237' title='bbox 493 1978 810 2018; x_wconf 88' lang='lat' dir='ltr'>demonstratio.</span> <span class='ocrx_word' id='word_1_238' title='bbox 870 1978 1000 2016; x_wconf 90' lang='lat' dir='ltr'>Cuius</span> <span class='ocrx_word' id='word_1_239' title='bbox 1032 1976 1191 2026; x_wconf 89' lang='lat' dir='ltr'>species</span> <span class='ocrx_word' id='word_1_240' title='bbox 1224 1984 1319 2014; x_wconf 89' lang='lat' dir='ltr'>sunt</span> <span class='ocrx_word' id='word_1_241' title='bbox 1350 1982 1463 2014; x_wconf 90' lang='lat' dir='ltr'>tres:</span> <span class='ocrx_word' id='word_1_242' title='bbox 1513 1976 1619 2021; x_wconf 89' lang='lat' dir='ltr'>icon,</span> 
     </span>
     <span class='ocr_line' id='line_1_28' title="bbox 99 2042 1623 2096; baseline -0.005 -11"><span class='ocrx_word' id='word_1_243' title='bbox 99 2047 311 2096; x_wconf 88' lang='lat' dir='ltr'>parabole,</span> <span class='ocrx_word' id='word_1_244' title='bbox 351 2045 612 2096; x_wconf 86' lang='lat' dir='ltr'>paradigma.</span> <span class='ocrx_word' id='word_1_245' title='bbox 677 2043 768 2083; x_wconf 70' lang='lat'><strong>104.</strong></span> <span class='ocrx_word' id='word_1_246' title='bbox 806 2045 1058 2083; x_wconf 87' lang='lat' dir='ltr'>Homoeosis</span> <span class='ocrx_word' id='word_1_247' title='bbox 1097 2043 1253 2082; x_wconf 88' lang='lat' dir='ltr'>Graece</span> <span class='ocrx_word' id='word_1_248' title='bbox 1295 2043 1444 2081; x_wconf 83' lang='lat' dir='ltr'>Latine</span> <span class='ocrx_word' id='word_1_249' title='bbox 1481 2042 1623 2080; x_wconf 84' lang='lat' dir='ltr'>simili-</span> 
     </span>
     <span class='ocr_line' id='line_1_29' title="bbox 100 2109 1622 2162; baseline -0.004 -10"><span class='ocrx_word' id='word_1_250' title='bbox 100 2114 226 2161; x_wconf 92' lang='lat' dir='ltr'>tudo;</span> <span class='ocrx_word' id='word_1_251' title='bbox 268 2120 332 2151; x_wconf 88' lang='lat' dir='ltr'>set</span> <span class='ocrx_word' id='word_1_252' title='bbox 360 2119 447 2152; x_wconf 86' lang='lat' dir='ltr'>tres</span> <span class='ocrx_word' id='word_1_253' title='bbox 473 2112 647 2162; x_wconf 78' lang='lat' dir='ltr'>species,</span> <span class='ocrx_word' id='word_1_254' title='bbox 680 2113 770 2151; x_wconf 92' lang='lat' dir='ltr'>icon</span> <span class='ocrx_word' id='word_1_255' title='bbox 800 2113 955 2161; x_wconf 86' lang='lat' dir='ltr'>imago,</span> <span class='ocrx_word' id='word_1_256' title='bbox 987 2111 1183 2161; x_wconf 85' lang='lat' dir='ltr'>parabole</span> <span class='ocrx_word' id='word_1_257' title='bbox 1212 2109 1470 2160; x_wconf 87' lang='lat' dir='ltr'>conparatio,</span> <span class='ocrx_word' id='word_1_258' title='bbox 1502 2121 1622 2160; x_wconf 89' lang='lat' dir='ltr'>para-</span> 
     </span>
     <span class='ocr_line' id='line_1_30' title="bbox 98 2176 1623 2232; baseline -0.005 -13"><span class='ocrx_word' id='word_1_259' title='bbox 98 2180 242 2232; x_wconf 91' lang='lat' dir='ltr'>digma</span> <span class='ocrx_word' id='word_1_260' title='bbox 279 2180 515 2230; x_wconf 82' lang='lat' dir='ltr'>exemplum</span> <span class='ocrx_word' id='word_1_261' title='bbox 554 2179 775 2230; x_wconf 89' lang='lat' dir='ltr'>significat.</span> <span class='ocrx_word' id='word_1_262' title='bbox 839 2177 930 2216; x_wconf 87' lang='lat'>105.</span> <span class='ocrx_word' id='word_1_263' title='bbox 967 2178 1062 2215; x_wconf 91' lang='lat' dir='ltr'>Icon</span> <span class='ocrx_word' id='word_1_264' title='bbox 1103 2185 1165 2215; x_wconf 88' lang='lat' dir='ltr'>est</span> <span class='ocrx_word' id='word_1_265' title='bbox 1203 2189 1476 2226; x_wconf 88' lang='lat' dir='ltr'>personarum</span> <span class='ocrx_word' id='word_1_266' title='bbox 1517 2176 1623 2214; x_wconf 86' lang='lat' dir='ltr'>inter</span> 
     </span>
     <span class='ocr_line' id='line_1_31' title="bbox 100 2243 1620 2297; baseline -0.005 -11"><span class='ocrx_word' id='word_1_267' title='bbox 100 2261 146 2286; x_wconf 89' lang='lat' dir='ltr'>se</span> <span class='ocrx_word' id='word_1_268' title='bbox 163 2249 227 2286; x_wconf 91' lang='lat' dir='ltr'>vel</span> <span class='ocrx_word' id='word_1_269' title='bbox 248 2261 392 2286; x_wconf 91' lang='lat' dir='ltr'>eorum</span> <span class='ocrx_word' id='word_1_270' title='bbox 413 2261 520 2297; x_wconf 90' lang='lat' dir='ltr'>quae</span> <span class='ocrx_word' id='word_1_271' title='bbox 542 2246 732 2297; x_wconf 89' lang='lat' dir='ltr'>personis</span> <span class='ocrx_word' id='word_1_272' title='bbox 755 2245 946 2284; x_wconf 86' lang='lat' dir='ltr'>accidunt</span> <span class='ocrx_word' id='word_1_273' title='bbox 967 2245 1224 2294; x_wconf 85' lang='lat' dir='ltr'>conparatio,</span> <span class='ocrx_word' id='word_1_274' title='bbox 1249 2251 1294 2281; x_wconf 92' lang='lat' dir='ltr'>ut</span> <span class='ocrx_word' id='word_1_275' title='bbox 1317 2243 1438 2294; x_wconf 79' lang='lat' dir='ltr'>(Aen.</span> <span class='ocrx_word' id='word_1_276' title='bbox 1467 2245 1502 2291; x_wconf 90' lang='lat'>1,</span> <span class='ocrx_word' id='word_1_277' title='bbox 1528 2243 1620 2293; x_wconf 78' lang='lat'>589)</span> 
     </span>
     <span class='ocr_line' id='line_1_32' title="bbox 102 2310 1622 2365; baseline -0.005 -11"><span class='ocrx_word' id='word_1_278' title='bbox 102 2318 178 2354; x_wconf 84' lang='lat' dir='ltr'>‘os</span> <span class='ocrx_word' id='word_1_279' title='bbox 211 2316 491 2365; x_wconf 89' lang='lat' dir='ltr'>humerosque</span> <span class='ocrx_word' id='word_1_280' title='bbox 526 2317 605 2353; x_wconf 84' lang='lat' dir='ltr'>deo</span> <span class='ocrx_word' id='word_1_281' title='bbox 641 2313 817 2351; x_wconf 78' lang='lat' dir='ltr'>similis.&#39;</span> <span class='ocrx_word' id='word_1_282' title='bbox 880 2310 971 2349; x_wconf 90' lang='grc'><strong>106.</strong></span> <span class='ocrx_word' id='word_1_283' title='bbox 1008 2312 1119 2358; x_wconf 91' lang='lat' dir='ltr'>Icon,</span> <span class='ocrx_word' id='word_1_284' title='bbox 1159 2310 1389 2348; x_wconf 88' lang='lat' dir='ltr'>similitudo</span> <span class='ocrx_word' id='word_1_285' title='bbox 1421 2322 1622 2359; x_wconf 85' lang='lat' dir='ltr'>conpara·</span> 
     </span>
     <span class='ocr_line' id='line_1_33' title="bbox 99 2377 1619 2431; baseline -0.005 -10"><span class='ocrx_word' id='word_1_286' title='bbox 99 2382 187 2422; x_wconf 85' lang='lat' dir='ltr'>tiva</span> <span class='ocrx_word' id='word_1_287' title='bbox 216 2395 267 2421; x_wconf 86' lang='lat' dir='ltr'>ex</span> <span class='ocrx_word' id='word_1_288' title='bbox 301 2382 422 2420; x_wconf 91' lang='lat' dir='ltr'>simili</span> <span class='ocrx_word' id='word_1_289' title='bbox 457 2395 592 2420; x_wconf 89' lang='lat' dir='ltr'>rerum</span> <span class='ocrx_word' id='word_1_290' title='bbox 625 2393 780 2431; x_wconf 87' lang='lat' dir='ltr'>genere</span> <span class='ocrx_word' id='word_1_291' title='bbox 813 2382 864 2417; x_wconf 79' lang='lat' dir='ltr'>ad</span> <span class='ocrx_word' id='word_1_292' title='bbox 901 2377 1032 2416; x_wconf 88' lang='lat' dir='ltr'>simile</span> <span class='ocrx_word' id='word_1_293' title='bbox 1066 2391 1214 2428; x_wconf 89' lang='lat' dir='ltr'>genus.</span> <span class='ocrx_word' id='word_1_294' title='bbox 1276 2377 1407 2414; x_wconf 90' lang='lat' dir='ltr'>Cuius</span> <span class='ocrx_word' id='word_1_295' title='bbox 1442 2378 1619 2426; x_wconf 87' lang='lat' dir='ltr'>figuram</span> 
     </span>
    </p>
   </div>
   <div class='ocr_carea' id='block_1_7' title="bbox 96 2476 1621 2791">
    <p class='ocr_par' dir='ltr' id='par_1_7' title="bbox 96 2476 1621 2791">
     <span class='ocr_line' id='line_1_34' title="bbox 96 2476 1619 2512; baseline -0.003 0"><span class='ocrx_word' id='word_1_296' title='bbox 96 2482 179 2512; x_wconf 91' lang='lat' dir='ltr'>dum</span> <span class='ocrx_word' id='word_1_297' title='bbox 206 2480 264 2512; x_wconf 67' lang='lat' dir='ltr'>El,</span> <span class='ocrx_word' id='word_1_298' title='bbox 291 2480 371 2511; x_wconf 66' lang='lat' dir='ltr'>GL:</span> <span class='ocrx_word' id='word_1_299' title='bbox 413 2491 491 2511; x_wconf 82' lang='lat' dir='ltr'>cum</span> <span class='ocrx_word' id='word_1_300' title='bbox 521 2480 557 2509; x_wconf 84' lang='lat' dir='ltr'>F.</span> <span class='ocrx_word' id='word_1_301' title='bbox 620 2477 674 2512; x_wconf 87' lang='lat'>97.</span> <span class='ocrx_word' id='word_1_302' title='bbox 703 2479 790 2508; x_wconf 82' lang='lat' dir='ltr'>unde</span> <span class='ocrx_word' id='word_1_303' title='bbox 817 2488 894 2507; x_wconf 73' lang='lat' dir='ltr'>cuni</span> <span class='ocrx_word' id='word_1_304' title='bbox 924 2478 996 2508; x_wconf 80' lang='lat' dir='ltr'>sub.</span> <span class='ocrx_word' id='word_1_305' title='bbox 1029 2484 1093 2507; x_wconf 88' lang='lat' dir='ltr'>tac.</span> <span class='ocrx_word' id='word_1_306' title='bbox 1126 2477 1178 2508; x_wconf 83' lang='lat' dir='ltr'>ist.</span> <span class='ocrx_word' id='word_1_307' title='bbox 1210 2477 1350 2507; x_wconf 79' lang='lat' dir='ltr'>verbum</span> <span class='ocrx_word' id='word_1_308' title='bbox 1380 2476 1428 2506; x_wconf 88' lang='lat' dir='ltr'>L:</span> <span class='ocrx_word' id='word_1_309' title='bbox 1472 2477 1561 2507; x_wconf 87' lang='lat' dir='ltr'>unde</span> <span class='ocrx_word' id='word_1_310' title='bbox 1587 2484 1619 2508; x_wconf 80' lang='lat' dir='ltr'>et</span> 
     </span>
     <span class='ocr_line' id='line_1_35' title="bbox 97 2530 1618 2576; baseline -0.003 -10"><span class='ocrx_word' id='word_1_311' title='bbox 97 2545 223 2576; x_wconf 88' lang='lat' dir='ltr'>equum</span> <span class='ocrx_word' id='word_1_312' title='bbox 248 2536 322 2566; x_wconf 86' lang='lat' dir='ltr'>sub.</span> <span class='ocrx_word' id='word_1_313' title='bbox 352 2541 416 2566; x_wconf 89' lang='lat' dir='ltr'>tac.</span> <span class='ocrx_word' id='word_1_314' title='bbox 445 2535 509 2565; x_wconf 88' lang='lat' dir='ltr'>dic.</span> <span class='ocrx_word' id='word_1_315' title='bbox 539 2535 592 2564; x_wconf 86' lang='lat' dir='ltr'>ist.</span> <span class='ocrx_word' id='word_1_316' title='bbox 619 2543 712 2573; x_wconf 83' lang='lat' dir='ltr'>prov.</span> <span class='ocrx_word' id='word_1_317' title='bbox 743 2532 791 2561; x_wconf 81' lang='lat' dir='ltr'>F:</span> <span class='ocrx_word' id='word_1_318' title='bbox 832 2532 920 2561; x_wconf 63' lang='lat' dir='ltr'>unde</span> <span class='ocrx_word' id='word_1_319' title='bbox 945 2532 973 2561; x_wconf 67' lang='lat' dir='ltr'>vi</span> <span class='ocrx_word' id='word_1_320' title='bbox 1001 2532 1074 2561; x_wconf 87' lang='lat' dir='ltr'>sub.</span> <span class='ocrx_word' id='word_1_321' title='bbox 1105 2537 1169 2562; x_wconf 84' lang='lat' dir='ltr'>tac,</span> <span class='ocrx_word' id='word_1_322' title='bbox 1198 2531 1261 2560; x_wconf 82' lang='lat' dir='ltr'>dic.</span> <span class='ocrx_word' id='word_1_323' title='bbox 1291 2531 1343 2560; x_wconf 86' lang='lat' dir='ltr'>ist.</span> <span class='ocrx_word' id='word_1_324' title='bbox 1373 2540 1466 2570; x_wconf 79' lang='lat' dir='ltr'>prov.</span> <span class='ocrx_word' id='word_1_325' title='bbox 1498 2530 1536 2561; x_wconf 87' lang='lat' dir='ltr'>E.</span> <span class='ocrx_word' id='word_1_326' title='bbox 1586 2538 1618 2561; x_wconf 88' lang='lat' dir='ltr'>et</span> 
     </span>
     <span class='ocr_line' id='line_1_36' title="bbox 98 2584 1618 2630; baseline -0.002 -11"><span class='ocrx_word' id='word_1_327' title='bbox 98 2590 165 2630; x_wconf 88' lang='lat' dir='ltr'>lup.</span> <span class='ocrx_word' id='word_1_328' title='bbox 193 2589 225 2620; x_wconf 88' lang='lat' dir='ltr'>in</span> <span class='ocrx_word' id='word_1_329' title='bbox 250 2589 295 2620; x_wconf 81' lang='lat' dir='ltr'>fa.</span> <span class='ocrx_word' id='word_1_330' title='bbox 322 2588 403 2619; x_wconf 82' lang='lat' dir='ltr'>EF:</span> <span class='ocrx_word' id='word_1_331' title='bbox 442 2599 509 2619; x_wconf 87' lang='lat' dir='ltr'>om.</span> <span class='ocrx_word' id='word_1_332' title='bbox 539 2587 575 2617; x_wconf 86' lang='lat' dir='ltr'>L.</span> <span class='ocrx_word' id='word_1_333' title='bbox 633 2584 709 2618; x_wconf 83' lang='grc'><strong>100.</strong></span> <span class='ocrx_word' id='word_1_334' title='bbox 739 2586 769 2616; x_wconf 92' lang='lat' dir='ltr'>id</span> <span class='ocrx_word' id='word_1_335' title='bbox 792 2592 841 2615; x_wconf 79' lang='lat' dir='ltr'>est</span> <span class='ocrx_word' id='word_1_336' title='bbox 866 2584 971 2624; x_wconf 79' lang='lat' dir='ltr'>dicta]</span> <span class='ocrx_word' id='word_1_337' title='bbox 995 2584 1103 2614; x_wconf 80' lang='lat' dir='ltr'>either</span> <span class='ocrx_word' id='word_1_338' title='bbox 1127 2594 1145 2614; x_wconf 87' lang='lat' dir='ltr'>a</span> <span class='ocrx_word' id='word_1_339' title='bbox 1170 2584 1339 2622; x_wconf 71' lang='lat' dir='ltr'>marginal</span> <span class='ocrx_word' id='word_1_340' title='bbox 1365 2584 1513 2624; x_wconf 82' lang='lat' dir='ltr'>adscript</span> <span class='ocrx_word' id='word_1_341' title='bbox 1537 2595 1576 2615; x_wconf 89' lang='lat' dir='ltr'>or</span> <span class='ocrx_word' id='word_1_342' title='bbox 1600 2595 1618 2616; x_wconf 86' lang='lat' dir='ltr'>a</span> 
     </span>
     <span class='ocr_line' id='line_1_37' title="bbox 99 2635 1621 2678; baseline -0.003 -4"><span class='ocrx_word' id='word_1_343' title='bbox 99 2642 275 2675; x_wconf 86' lang='lat' dir='ltr'>lecturer&#39;s</span> <span class='ocrx_word' id='word_1_344' title='bbox 303 2642 542 2673; x_wconf 87' lang='lat' dir='ltr'>side-remark.</span> <span class='ocrx_word' id='word_1_345' title='bbox 607 2639 682 2672; x_wconf 83' lang='grc'><strong>101.</strong></span> <span class='ocrx_word' id='word_1_346' title='bbox 710 2638 825 2678; x_wconf 59' lang='lat' dir='ltr'>omne]</span> <span class='ocrx_word' id='word_1_347' title='bbox 855 2649 953 2668; x_wconf 68' lang='lat' dir='ltr'>mone</span> <span class='ocrx_word' id='word_1_348' title='bbox 981 2637 1018 2667; x_wconf 92' lang='grc' dir='ltr'>Ε.</span> <span class='ocrx_word' id='word_1_349' title='bbox 1073 2635 1148 2669; x_wconf 87' lang='grc'><strong>102.</strong></span> <span class='ocrx_word' id='word_1_350' title='bbox 1175 2644 1224 2668; x_wconf 77' lang='lat' dir='ltr'>est</span> <span class='ocrx_word' id='word_1_351' title='bbox 1253 2644 1362 2668; x_wconf 75' lang='lat' dir='ltr'>contr.</span> <span class='ocrx_word' id='word_1_352' title='bbox 1393 2637 1431 2667; x_wconf 89' lang='grc' dir='ltr'>Ε.</span> <span class='ocrx_word' id='word_1_353' title='bbox 1483 2639 1621 2678; x_wconf 84' lang='lat' dir='ltr'>pessimi</span> 
     </span>
     <span class='ocr_line' id='line_1_38' title="bbox 100 2691 1621 2733; baseline -0.003 -5"><span class='ocrx_word' id='word_1_354' title='bbox 100 2697 132 2727; x_wconf 88' lang='lat' dir='ltr'>in</span> <span class='ocrx_word' id='word_1_355' title='bbox 157 2695 196 2728; x_wconf 88' lang='grc' dir='ltr'>Ἰ·</span> <span class='ocrx_word' id='word_1_356' title='bbox 222 2697 305 2727; x_wconf 80' lang='lat' dir='ltr'>mihi</span> <span class='ocrx_word' id='word_1_357' title='bbox 330 2695 368 2727; x_wconf 82' lang='lat' dir='ltr'>E.</span> <span class='ocrx_word' id='word_1_358' title='bbox 392 2696 452 2733; x_wconf 84' lang='lat' dir='ltr'>(So</span> <span class='ocrx_word' id='word_1_359' title='bbox 477 2695 514 2731; x_wconf 87' lang='grc' dir='ltr'>Ε,</span> <span class='ocrx_word' id='word_1_360' title='bbox 538 2705 578 2725; x_wconf 92' lang='lat' dir='ltr'>or</span> <span class='ocrx_word' id='word_1_361' title='bbox 600 2695 642 2724; x_wconf 88' lang='lat' dir='ltr'>its</span> <span class='ocrx_word' id='word_1_362' title='bbox 663 2693 848 2733; x_wconf 79' lang='lat' dir='ltr'>exemplar,</span> <span class='ocrx_word' id='word_1_363' title='bbox 874 2702 946 2722; x_wconf 65' lang='lat' dir='ltr'>was</span> <span class='ocrx_word' id='word_1_364' title='bbox 969 2692 999 2721; x_wconf 89' lang='lat' dir='ltr'>in</span> <span class='ocrx_word' id='word_1_365' title='bbox 1025 2691 1081 2721; x_wconf 75' lang='lat' dir='ltr'>the</span> <span class='ocrx_word' id='word_1_366' title='bbox 1102 2691 1195 2722; x_wconf 85' lang='lat' dir='ltr'>habit</span> <span class='ocrx_word' id='word_1_367' title='bbox 1219 2691 1255 2721; x_wconf 79' lang='lat' dir='ltr'>of</span> <span class='ocrx_word' id='word_1_368' title='bbox 1277 2691 1450 2731; x_wconf 73' lang='lat' dir='ltr'>changing</span> <span class='ocrx_word' id='word_1_369' title='bbox 1473 2691 1621 2732; x_wconf 86' lang='lat' dir='ltr'>Spanish</span> 
     </span>
     <span class='ocr_line' id='line_1_39' title="bbox 106 2744 1621 2791; baseline -0.004 -9"><span class='ocrx_word' id='word_1_370' title='bbox 106 2751 185 2783; x_wconf 75' lang='lat' dir='ltr'>miti</span> <span class='ocrx_word' id='word_1_371' title='bbox 205 2758 240 2782; x_wconf 90' lang='lat' dir='ltr'>to</span> <span class='ocrx_word' id='word_1_372' title='bbox 258 2750 367 2789; x_wconf 82' lang='lat' dir='ltr'>mihi).</span> <span class='ocrx_word' id='word_1_373' title='bbox 404 2748 506 2791; x_wconf 87' lang='lat' dir='ltr'>quae]</span> <span class='ocrx_word' id='word_1_374' title='bbox 525 2749 615 2789; x_wconf 86' lang='lat' dir='ltr'>quod</span> <span class='ocrx_word' id='word_1_375' title='bbox 638 2747 673 2777; x_wconf 87' lang='lat' dir='ltr'>F.</span> <span class='ocrx_word' id='word_1_376' title='bbox 710 2744 787 2778; x_wconf 79' lang='grc'><strong>104.</strong></span> <span class='ocrx_word' id='word_1_377' title='bbox 810 2746 866 2777; x_wconf 85' lang='lat' dir='ltr'>sed</span> <span class='ocrx_word' id='word_1_378' title='bbox 887 2744 969 2786; x_wconf 80' lang='lat' dir='ltr'>tres]</span> <span class='ocrx_word' id='word_1_379' title='bbox 989 2752 1152 2776; x_wconf 84' lang='lat' dir='ltr'>seteatres</span> <span class='ocrx_word' id='word_1_380' title='bbox 1173 2744 1210 2774; x_wconf 85' lang='lat' dir='ltr'>E.</span> <span class='ocrx_word' id='word_1_381' title='bbox 1248 2745 1442 2786; x_wconf 83' lang='lat' dir='ltr'>significant</span> <span class='ocrx_word' id='word_1_382' title='bbox 1465 2745 1502 2777; x_wconf 88' lang='grc' dir='ltr'>Ε.</span> <span class='ocrx_word' id='word_1_383' title='bbox 1544 2744 1621 2779; x_wconf 78' lang='grc'><strong>106.</strong></span> 
     </span>
    </p>
   </div>
  </div>
 </body>
</html>
